2842 4898
623 333 672 408 55

113 532 232 611 irrupta
259 521 390 588 videtur
407 516 492 603 ¹³⁴).
546 518 647 605 Atqui
676 542 748 585 cum
776 519 891 587 eodem
924 525 1205 612 interpolationum

113 641 209 705 >mine
231 656 293 701 eos
314 633 407 699 locos
431 629 602 717 complecti
624 634 783 716 possimus
797 630 882 719 ¹³⁶),
906 638 962 721 qui
977 641 1120 723 quamvis
1135 641 1204 707 aliis

113 753 216 815 iarum
247 745 489 832 rhapsodiamm
518 740 665 807 versibus
698 745 802 830 iisque
835 751 990 832 germanis
1018 761 1204 838 repugnent,

113 882 194 927 tmen
219 879 327 944 neque
354 855 455 921 deleri
477 877 516 920 ex
539 857 681 921 Homero
704 878 812 942 neque
832 879 894 943 pro
917 864 1127 946 supposititiis
1148 864 1204 928 lra-

113 977 158 1039 eri
180 981 311 1057 queant:
340 968 420 1034 tales
440 965 517 1032 libri
538 970 641 1032 nostri
662 990 775 1033 versus
798 979 834 1033 ut
857 975 1033 1038 accuratius
1055 975 1204 1042 conside-

113 1095 198 1150 antur
220 1079 420 1170 expostulant
442 1089 474 1145 et
488 1075 618 1148 Naevian
641 1101 768 1144 carmen
790 1080 965 1166 aliquando
988 1097 1201 1152 aceterorum

113 1196 204 1261 nmilia
230 1197 408 1282 sejunctum
434 1191 533 1256 inisse
562 1188 786 1255 demonstrant.
831 1192 913 1257 Nam
939 1196 1200 1282 interpolationes

113 1308 156 1373 lae
177 1311 223 1372 ita
244 1313 447 1391 comparatae
460 1311 543 1382 sunt,
565 1311 611 1382 ut,
634 1322 707 1367 cum
721 1323 827 1388 neque
843 1305 912 1368 sine
928 1310 1116 1373 narrationis
1128 1331 1201 1394 per-

113 1428 200 1484 etuae
221 1415 415 1483 detrimento
437 1414 594 1479 removeri
615 1434 722 1500 neque
744 1415 800 1480 uni
822 1413 990 1501 eidemque
1011 1428 1127 1503 poetae
1146 1423 1203 1485 tri.

113 1532 142 1594 ni
163 1531 306 1615 possint,
331 1530 366 1592 iu
393 1546 463 1591 eam
482 1546 542 1591 nos
564 1526 745 1591 necessario
769 1528 953 1591 sententiam
975 1526 1143 1610 adducant,
1166 1539 1203 1596 ut

113 1640 203 1706 brum
238 1637 439 1704 undecimum
471 1637 551 1702 alius
586 1639 726 1713 auctoris
761 1657 831 1701 esse
860 1658 955 1723 quam
984 1637 1140 1706 decimum
1169 1649 1202 1706 et

113 1751 310 1818 uodecimum
328 1749 524 1817 arbitremur.
560 1748 667 1836 Quam
684 1751 867 1814 sententiam
880 1751 983 1837 capite
999 1762 1113 1838 quarto
1123 1773 1200 1842 pro-

113 1883 162 1930 are
185 1862 338 1930 conabor.

532 2116 738 2130 m

547 2313 638 2390 em.
668 2313 735 2390 IV.

113 2502 269 2564 uK‘rtau
293 2492 478 2559 CARMEN
496 2491 759 2587 ALlQUANDO
782 2491 1032 2560 SINGULARE
1049 2489 1200 2560 FUISSE

456 2603 832 2672 DEMONSTRATUR.

569 2745 599 2790 τίς
611 2744 630 2786 τ’
646 2737 673 2807 ἇς
687 2756 747 2802 σφωε
761 2746 817 2793 &salv
832 2745 881 2806 ἴριδι
896 2744 979 2803 ξυνέηκε
992 2745 1121 2797 μάκεθθαυ

984 2822 1007 2861 ΙΙ.
1018 2823 1035 2871 Ι,
1045 2819 1064 2863 8.

571 2913 715 2926 n—

171 3055 241 3119 Etsi
256 3049 342 3117 libro
355 3049 525 3139 Odysseae
536 3051 706 3120 undecimo
719 3054 832 3119 multas
850 3053 1112 3141 interpolationes
1123 3074 1201 3119 con·

113 3168 178 3231 neri
203 3164 284 3230 tales
313 3174 456 3250 apertum
483 3167 539 3243 sit,
568 3165 679 3251 quales
708 3170 742 3233 in
763 3164 861 3230 Iliade
875 3166 1116 3239 ‚Lachmannum
1139 3162 1202 3226 dixi

113 3287 120 3340 t
140 3279 355 3341 llermannum
377 3297 448 3340 esse
469 3287 701 3362 perscrutatos:
723 3287 828 3340 tamen
851 3278 1035 3361 quicunque
1058 3276 1090 3339 in
1111 3273 1201 3339 illum

113 3387 199 3452 brum
215 3384 491 3474 pervestigandum
514 3387 737 3468 incubuerunt,
759 3410 902 3475 magnam
916 3387 1064 3454 videntur
1081 3386 1200 3453 discre-

113 3502 232 3579 antiam,
255 3519 340 3585 quae
361 3500 443 3563 inter
463 3495 592 3568 Νεκυίαν
616 3510 801 3585 ceterasque
822 3498 992 3586 Odysseae
1014 3499 1201 3586 rhapsodias

113 3609 264 3690 tter'cedit,
292 3608 345 3674 vel
371 3609 466 3697 plane
494 3613 669 3690 transiisse,
696 3610 749 3673 vel
770 3611 882 3675 leviter
905 3614 1049 3696 attigisse.
1096 3609 1202 3692 Quam

113 3723 323 3808 tpugnantiam
353 3740 394 3788 eo
430 3723 560 3808 majoris
592 3721 745 3786 momenti
770 3717 947 3782 hahendam
976 3738 1046 3782 esse
1074 3736 1201 3795 censeo,

164 3931 226 4005 ¹³⁴)
263 3935 407 3989 Praeterea
426 3953 452 3990 v.
468 3935 611 4000 tsi-159,
625 3936 679 3986 315
693 3949 748 4003 sq,
767 3931 898 3989 519-522
917 3926 965 3998 (ci.
981 3926 1037 3982 Ad.
1048 3925 1200 3982 Hermann.

113 4021 133 4079 l.
147 4043 178 4099 p.
196 4025 255 4096 15),
275 4029 342 4091 525,
361 4021 542 4098 interpolatos
559 4039 618 4078 esse
635 4037 748 4080 censeor
774 4037 844 4092 quos
862 4027 955 4074 tamen
973 4014 1105 4074 hocloco
1124 4036 1140 4074 a
1158 4035 1203 4073 mo

113 4115 196 4173 uetari
214 4132 274 4172 non
292 4115 402 4170 attinet.
424 4143 449 4156 -
469 4113 510 4170 Dc
527 4132 555 4171 v.
569 4111 617 4169 6-8
636 4122 664 4168 et
682 4113 719 4165 22
737 4108 773 4166 cl.
788 4107 860 4166 inlra
880 4106 951 4186 Cap.
961 4108 1014 4173 IV.
1023 4129 1045 4167 s.
1057 4109 1077 4166 f.

156 4209 221 4283 ¹³⁵)
259 4208 297 4266 cl.
317 4227 400 4284 supra
419 4226 448 4283 p.
465 4213 492 4264 8.
