2842 4898
818 323 843 393 2

275 505 350 568 tiam
373 500 580 582 discedamus,
604 525 675 567 cum
697 504 870 568 inveterata
892 502 946 568 illa
968 502 1007 568 de
1021 505 1161 569 Homero
1178 507 1300 590 opinio,
1326 529 1390 592 qua

275 615 327 677 bic
360 619 457 678 totius
490 616 596 679 Iliadis
630 613 864 699 Odysseaeque
902 627 1012 679 auctor
1045 616 1242 701 perhibetur,
1278 638 1388 702 neque

278 725 488 790 diversitatem
511 724 612 803 illam,
637 748 730 809 quam
754 725 824 805 dixi,
847 726 937 790 tollat
959 749 1063 811 neque
1087 731 1157 812 ipsa
1180 732 1251 792 satIs
1275 729 1388 813 explo-
1411 800 1414 869 A

276 848 344 901 rata
368 847 512 902 constare
535 835 688 901 videatur.

365 948 578 1013 Nihilominus
593 949 682 1026 hanc,
699 969 781 1033 quae
797 958 843 1011 est
859 951 1060 1032 antiquitatis,
1076 952 1258 1035 opinionem
1269 952 1384 1015 nostris

275 1058 473 1139 temporibus
507 1055 678 1118 defendere
711 1061 860 1140 imprimis
895 1072 1027 1124 conatus
1060 1071 1107 1124 est
1145 1062 1384 1138 Nitzschius,

276 1169 344 1250 qui,
372 1173 408 1225 ut
437 1162 476 1224 de
498 1161 596 1223 Iliade
625 1172 759 1238 taceam,
783 1163 954 1244 Odysseae
976 1168 1076 1228 libros
1099 1173 1207 1251 viginti
1235 1182 1385 1255 quattuor

276 1275 434 1338 communi
464 1269 603 1354 quodam
626 1268 754 1332 vinculo
788 1274 952 1354 contineri,
972 1284 1003 1335 et
1032 1278 1064 1335 in
1095 1277 1163 1357 ipsa
1193 1283 1317 1360 origine
1347 1285 1387 1345 ita

274 1388 433 1451 institutos
456 1404 494 1445 ac
516 1382 668 1445 lormatos
692 1400 761 1442 esse
785 1377 961 1468 arbitratur,
985 1393 1019 1446 ut
1042 1382 1114 1447 libri
1134 1388 1258 1468 priores
1274 1401 1388 1470 poste-

274 1500 374 1561 riores
397 1497 571 1577 requirant,
600 1510 705 1573 neque
728 1493 1018 1572 posterioresesse
1041 1498 1163 1580 possint
1186 1499 1246 1559 nisi
1268 1500 1386 1581 priori<

274 1607 336 1672 bus
360 1606 545 1689 antegressis
562 1599 603 1683 2)“.
648 1601 823 1686 Praecipue
845 1624 923 1667 vero
946 1606 1009 1669 hoc
1031 1605 1104 1668 inde
1122 1605 1229 1668 studet
1252 1605 1383 1672 demon—

274 1730 383 1795 strare,
414 1714 502 1798 quod
533 1711 715 1796 Odysseam
751 1716 793 1776 ita
827 1726 977 1797 quattuor
1006 1715 1148 1799 partibus
1181 1720 1380 1784 constitutam

271 1848 344 1891 esse
366 1825 451 1902 dicit,
473 1834 508 1888 ut
530 1825 630 1909 prima
644 1822 754 1886 Ulixes
776 1845 794 1886 a
818 1821 916 1887 domo
933 1835 964 1889 et
981 1847 1079 1890 uxore
1095 1825 1220 1905 absens,
1242 1829 1380 1895 secundi

271 1937 381 2002 Ulixes
409 1935 539 2000 domum
565 1944 742 2014 revertens,
769 1937 860 1998 tertia
888 1936 996 2002 Ulixes
1025 1938 1065 2002 de
1088 1937 1210 2002 ultione
1234 1944 1378 2026 cogitans,

274 2053 387 2134 quarta
410 2047 547 2134 denique
569 2047 676 2112 Ulixes
702 2068 823 2133 poenas
846 2070 864 2111 a
886 2053 995 2134 procis
1016 2059 1162 2136 repetens
1186 2059 1218 2129 et
1239 2053 1272 2114 in
1293 2055 1380 2134 quie·

272 2169 336 2222 tam
360 2163 466 2221 uxoris
489 2163 641 2243 regnique
663 2162 898 2241 possessiouem
920 2165 1083 2226 restitutus
1097 2159 1341 2243 .celebrctur³).

267 2315 270 2320 -
363 2270 405 2332 At
428 2268 506 2331 haec
525 2271 583 2330 viri
607 2265 780 2333 doctissimi
802 2275 954 2335 sententia
975 2270 1014 2335 de
1032 2271 1210 2357 Odysseae,
1234 2293 1302 2356 quo
1320 2275 1377 2336 s'ur

275 2380 341 2466 guli
367 2379 442 2444 libri
470 2380 704 2459 contineantur,
733 2382 878 2460 viuculo,
907 2383 983 2446 nibil
1011 2382 1097 2446 aliud
1124 2393 1172 2446 cst
1201 2385 1262 2446 uisi
1284 2382 1375 2462 filum,

273 2493 374 2554 atita
397 2489 506 2567 dicam,
532 2494 720 2555 narrationis
742 2492 932 2557 historiaeve
955 2516 974 2557 a
995 2505 1092 2581 poeta
1114 2493 1255 2571 traditae,
1277 2512 1374 2581 nequs

266 2623 351 2666 -rero
374 2622 491 2666 nervus
515 2610 547 2664 et
569 2603 669 2663 anima
693 2600 796 2684 hujus.
810 2604 973 2684 poematis,
998 2623 1063 2686 quo
1087 2603 1191 2686 aliqua
1215 2608 1313 2670 animi
1328 2608 1371 2670 lua

273 2715 357 2777 mani
380 2711 526 2789 condicio
550 2714 616 2776 sive
639 2711 771 2775 allectus
795 2711 893 2796 aliqui
922 2709 982 2775 sub
1009 2715 1141 2797 imagine
1167 2712 1308 2781 homiuIs
1327 2739 1371 2779 ca·

272 2824 397 2911 jusdam
420 2824 548 2910 lingitur
571 2833 603 2886 et
624 2825 826 2908 proponitur.
871 2823 1012 2888 Historia
1033 2827 1122 2902 enim,
1141 2845 1229 2908 quae
1247 2829 1369 2892 carmine

267 2935 383 3020 ¹aliquo
408 2945 580 3013 enarratur,
602 2956 666 2998 una
689 2955 758 2998 esse
780 2944 889 3019 potest
911 2944 943 2998 et
964 2944 1033 2999 tota
1047 2957 1154 3000 secum
1171 2943 1368 3013 consenticus

272 3067 378 3132 neque
398 3056 504 3111 tamen
525 3067 640 3132 poema
659 3044 827 3108 artificium
842 3055 938 3137 estet
953 3067 1045 3131 opus,
1067 3069 1135 3132 quo
1152 3047 1367 3116 aut'audiaods
1407 3090 1411 3151 q

274 3168 330 3222 aut
354 3157 489 3244 legendo
520 3159 681 3221 homiuum
709 3158 803 3220 animi
824 3177 891 3222 non
912 3157 1035 3245 vulgari
1056 3157 1153 3223 modo
1176 3157 1368 3226 detestentur
1404 3229 1411 3240 ,

273 3267 376 3351 Quod
404 3278 439 3331 ut
454 3267 633 3346 efficiatur,
661 3271 1009 3354 cogitationemiuesse
1031 3269 1167 3355 aliquam
1190 3274 1222 3332 in
1246 3277 1367 3337 carmiut

264 3396 358 3463 >opus
390 3388 451 3456 est,
480 3386 563 3464 quae
592 3383 828 3466 omniumpari
857 3377 956 3444 modo
984 3381 1106 3444 intersit
1131 3389 1166 3443 ct
1194 3381 1258 3461 qua
1287 3378 1365 3446 auiu'
1402 3406 1411 3459 q

264 3491 374 3555 -uostri
400 3488 462 3553 sub
490 3494 597 3576 specie
625 3490 843 3555 delectationis
873 3484 1099 3571 compleantur.
1124 3489 1216 3568 ‚Hoc
1238 3487 1364 3573 igitun‘
1400 3494 1411 3545 t

271 3617 461 3687 quaeremus
488 3606 521 3668 in
549 3604 650 3667 Ulixis
677 3602 785 3681 fabula
810 3600 905 3684 longe
933 3595 1020 3660 aliud
1047 3599 1264 3677 inveniemus,
1288 3617 1362 3688 qm

262 3711 364 3797 -quod
391 3736 410 3777 a
438 3714 601 3779 Nitzsdrio
630 3713 791 3800 prolatum
819 3717 875 3773 est.
918 3706 1089 3791 Explicuit
1106 3710 1192 3770 enirn
1216 3728 1361 3796 argumo
1395 3714 1410 3749 ⁸

262 3832 348 3888 itum.
367 3821 529 3913 ἐξωτερικὲν
550 3846 616 3890 non
639 3814 816 3908 ἐσωτερικίν,
843 3819 887 3882 ita
912 3827 950 3882 ut
969 3817 1030 3882 hac
1051 3819 1244 3906 singularum
1269 3822 1361 3911 Odys
1394 3783 1411 3837 Ἰ

260 3973 264 3979 .
346 3995 373 4068 ¹)
410 4001 547 4056 Anmerk.
569 3978 768 4072 zurOdyssee.
806 3991 872 4051 Vol.
894 3987 931 4049 II.
953 3979 1140 4070 p.'xxxln.
1174 3983 1178 3990 ⁵
1224 3988 1227 3993 ’

346 4079 372 4156 ³)
409 4085 429 4142 l.
450 4087 470 4143 I.
492 4109 521 4163 p.
542 4087 678 4146 XXXIV.
699 4095 727 4140 et
745 4093 809 4139 ante
826 4084 856 4140 iu
870 4083 965 4140 Erscb.
979 4096 1007 4140 st
1020 4083 1141 4144 Gruber.
1161 4084 1285 4165 Encyclo
1405 4093 1409 4100 '

269 4171 322 4230 der
338 4173 574 4259 wissenschaften
593 4175 651 4232 und
670 4174 787 4231 Kiinste.
824 4192 848 4231 s.
869 4189 895 4233 v.
915 4171 1048 4250 Odyssee.
1108 4192 1111 4196 ’
1192 4195 1196 4203 ·
