2842 4898
819 302 868 375 51

288 467 534 553 Homericorum
557 489 727 553 carminum
751 487 909 574 exemplar
931 491 1156 575 reciperentur.
1190 487 1301 574 ltaque
1322 487 1400 554 mul-

288 607 341 662 tos
363 620 475 665 versus
503 620 624 685 eosque
649 598 689 663 ad
712 621 763 664 res
785 598 975 684 fabulasque
998 601 1235 668 Atheniensium
1255 610 1400 685 spectau-

288 718 337 774 tes
365 712 570 797 interpositos
601 732 672 776 esse
702 709 855 775 videmus.
900 711 982 775 Nam
1011 732 1094 776 unus
1123 710 1204 775 liber
1233 712 1400 798 Odysseae

288 819 475 887 undecimus
497 833 561 887 tres
586 821 808 908 complectitur
828 822 1090 908 interpolationes
1112 824 1243 902 Atticas,
1270 842 1398 908 quamn

287 935 389 1017 primi
406 933 558 1013 Phaedra,
580 934 717 1013 Procris,
738 932 887 1014 Ariadna,
911 935 1065 1015 Theseus,
1087 935 1205 1014 Minos,
1227 934 1397 1018 Dionysus,

288 1041 386 1106 altera
413 1043 561 1107 Herculis
584 1042 758 1121 rinadium,
785 1047 878 1108 tertia
901 1044 1040 1131 denique
1063 1047 1207 1111 Theseus
1230 1045 1397 1110 Pirithoue

288 1170 352 1234 que
376 1153 585 1213 continentur.
630 1149 725 1234 Quae
746 1152 1009 1237 interpolationes
1032 1176 1098 1218 non
1120 1139 1397 1220 01101011100111-

287 1262 424 1323 ticorum
455 1259 690 1347 rhapsodorum
717 1260 932 1347 interpolandi
964 1262 1070 1327 studio
1100 1263 1291 1329 tribuendae
1322 1273 1397 1344 sunt,

288 1393 361 1435 curn
384 1371 453 1439 aliis
469 1371 624 1437 Graeciae
646 1371 727 1435 locis
750 1371 865 1438 eodem
887 1371 985 1438 modo
997 1373 1168 1437 Homerica
1191 1377 1333 1439 carmina
1356 1373 1398 1441 vel

285 1492 441 1569 corrupta
464 1505 534 1548 esse
557 1482 610 1547 vel
632 1481 823 1569 amplificata
846 1493 1093 1548 consentaneum
1116 1485 1165 1547 sit.

379 1595 446 1660 Sed
473 1596 643 1660 Homerica
672 1597 808 1659 cannina
838 1616 984 1682 germana
1013 1596 1091 1681 quin
1118 1595 1264 1659 notitiam
1290 1595 1397 1661 Thesei

289 1705 456 1772 habuerint
486 1707 583 1771 ullam
618 1705 757 1772 dubitari
789 1703 999 1791 nequit¹⁵²).
1056 1703 1147 1771 Alter
1182 1707 1265 1770 enirn
1302 1704 1394 1786 loeus,

289 1820 345 1900 qui
367 1818 462 1902 hujus
484 1818 591 1881 herois
614 1821 805 1882 mentionem
827 1817 902 1880 lacit
925 1816 1010 1898 (ll.l,
1024 1817 1105 1899 265)
1128 1815 1321 1882 aveteribus
1342 1819 1394 1882 cri-

288 1930 357 1992 ticis
379 1930 456 2013 ipsis
479 1931 512 1993 in
534 1929 783 1994 adulterinorum
805 1949 971 1992 amnerum
993 1927 1113 1992 relatus
1136 1924 1283 2013 est¹³³).

379 2041 438 2105 His
460 2042 555 2127 igitur
575 2040 736 2120 versibus,
766 2041 822 2125 qui
850 2042 917 2104 sine
941 2038 1006 2103 ulla
1028 2037 1216 2104 difficultate
1239 2038 1310 2105 tolli
1329 2059 1391 2125 pos·

289 2160 364 2214 sunt
386 2161 483 2235 atque
507 2155 618 2231 omitti,
640 2172 786 2238 germana
807 2150 881 2216 libri
895 2153 997 2216 nostri
1019 2150 1121 2216 [orma
1136 2149 1295 2217 obvoluta
1309 2163 1388 2238 atque

333 2477 427 2623 6¹³²)
464 2477 501 2534 cs.
528 2477 651 2535 Nitzsch.
679 2477 699 2540 l.
723 2477 743 2534 l.
766 2478 833 2538 Vol.
854 2478 908 2535 lll.
934 2498 964 2555 p.
979 2476 1035 2536 356
1046 2496 1089 2555 sq.
1122 2477 1157 2535 la.
1177 2477 1319 2557 Stephani
1338 2477 1355 2536 l.
1370 2476 1387 2533 1.

310 2607 316 2621 .
367 2584 409 2620 s.

288 2582 308 2642 p
365 2585 428 2748 ¹31⁸)
465 2673 614 2732 0111011.
641 2673 766 2752 Prolegg.
788 2695 816 2751 p.
837 2675 960 2734 XXVII.
991 2676 1038 2734 n'v.
1052 2676 1270 2758 Wassenbergh.
1289 2675 1387 2736 Homeri

288 2761 321 2822 ll.
336 2762 376 2823 lb.
391 2765 445 2822 Iet
457 2765 496 2823 11.
512 2766 678 2842 Franequer.
695 2768 775 2827 1785.
791 2777 851 2823 not.
867 2787 895 2843 p.
907 2765 941 2823 ll
951 2787 993 2844 sq.

361 2873 459 2950 Neque
477 2894 542 2931 vero
561 2875 649 2932 solum
669 2875 806 2946 Theseum
825 2876 964 2932 Homerus
983 2876 1110 2952 ignorat,
1130 2877 1178 2934 sed
1197 2879 1282 2938 etiam
1299 2874 1387 2956 pereni·

288 2982 371 3040 guam
390 2964 546 3020 fabularum
566 2964 720 3021 Atticarum
740 2967 868 3023 notitiam
882 2968 991 3023 videtur
1009 2966 1145 3024 habuisse.
1175 2970 1250 3026 Nam
1271 2969 1385 3049 plurimu

286 3057 375 3122 locos,
394 3055 444 3130 qui
462 3073 554 3112 rerum
569 3058 726 3112 Atticarum
745 3058 912 3113 mentionem
933 3057 1039 3114 faciunt
1057 3070 1105 3114 aut
1117 3072 1222 3117 veteres
1231 3055 1386 3137 grammtio'

284 3149 359 3206 inter
382 3147 492 3222 spurios
520 3159 703 3204 numerarunt
728 3159 776 3204 aut
802 3149 964 3224 nosmetipsi
988 3149 1025 3206 ab
1049 3150 1171 3208 Homero
1193 3153 1258 3227 jura
1280 3152 1386 3210 ridemur
1410 3175 1421 3258 Ι

284 3238 453 3310 abjudicare.
482 3238 518 3295 01.
534 3238 568 3293 Il.
583 3240 623 3305 ΙΙ,
637 3235 692 3295 516
699 3258 761 3313 sqq.
778 3238 908 3316 (Diogen.
923 3242 1016 3296 Laert.
1034 3242 1119 3307 1‚5r.
1140 3243 1257 3299 Aristot.
1282 3237 1385 3298 aneni
1412 3263 1421 3287 ι·

288 3332 389 3390 15,13.
411 3325 504 3380 Strab.
516 3328 568 3380 lx.
583 3346 612 3400 p.
623 3325 688 3387 3911.
709 3328 848 3398 Plutarch.
864 3328 1018 3385 Solonio.
1039 3330 1164 3388 Eustath.
1175 3329 1304 3389 etScbol.
1319 3325 1384 3385 tait.
1410 3289 1421 3371 1

285 3414 321 3471 ad
340 3414 375 3468 ll.
395 3415 434 3469 11.
447 3420 512 3470 558.
550 3417 685 3472 Herodnt.
701 3418 763 3475 Vir.
783 3419 866 3473 Hom.
887 3437 932 3493 cp.
952 3423 998 3475 18.
1028 3421 1168 3480 Welclrer.
1189 3421 1298 3500 Episch.
1320 3414 1383 3497 Cyel

284 3522 315 3581 p.
326 3506 379 3563 318
390 3505 446 3577 sq.)
465 3502 500 3561 ll.
514 3504 568 3572 111,
585 3502 637 3561 1111
656 3505 809 3579 (Plutarch.
819 3507 902 3565 Thes.
918 3529 963 3585 cp.
977 3515 1011 3566 21
1026 3520 1054 3567 et
1065 3512 1161 3572 Schol.
1171 3514 1274 3576 Venet.
1287 3506 1383 3581 adul)

285 3591 341 3654 Od.
357 3594 427 3663 Vll,
442 3600 477 3651 80
495 3593 599 3669 (Schol.
616 3596 693 3654 llarl.
709 3608 738 3655 et
750 3597 811 3654 Pal.
827 3599 863 3655 ad
876 3598 904 3654 h.
921 3602 971 3673 v.).
992 3632 1019 3645 -
1406 3623 1421 3717 Ι

357 3705 400 3764 De
428 3704 521 3763 Attica
551 3705 765 3782 interpolatione
792 3708 827 3764 01.
854 3708 979 3767 Mueller.
1008 3711 1269 3774 HomenVorseh.
1296 3703 1380 3770 etl-ll
1405 3718 1421 3813 Ι

284 3815 315 3869 p.
332 3797 366 3855 ’17
381 3814 443 3871 sqq.
469 3796 595 3854 Nitzsch.
615 3798 787 3873 indagandae
806 3818 856 3873 por·
875 3799 990 3857 Homeri
1009 3800 1163 3879 Odysseam
1182 3793 1381 3881 interpolatori

283 3905 379 3961 praep.
395 3889 427 3942 P.
448 3886 471 3942 1.
488 3887 615 3945 Hunnov.
632 3893 712 3944 1828.
735 3907 764 3962 p.
780 3894 815 3944 28
829 3909 891 3966 sqq.
926 3892 1060 3948 Anmerh.
1082 3912 1132 3949 zur
1150 3893 1255 3973 Odyss.
1270 3892 1333 3955 vot.
1344 3883 1380 3946 111

283 3993 313 4046 p.
331 3970 394 4030 251.
410 3977 464 4031 356
477 3996 538 4052 sqq.
570 3977 686 4044 llitschl‚
705 3977 750 4034 die
770 3978 919 4037 Alexandr.
937 3982 1008 4039 Bibl.
1024 4004 1052 4057 p.
1067 3979 1153 4057 ddsq.
1177 3985 1226 4043 66.
1254 3987 1379 4041 numm.

285 4063 391 4118 Homer
409 4065 468 4119 trud
487 4066 537 4120 der
554 4069 663 4139 epische
683 4068 796 4146 Cyclua.
830 4070 927 4129 Coela.
947 4077 1026 4131 1839.
1051 4091 1078 4145 p.
1092 4076 1126 4128 25
1140 4091 1204 4152 sqq.
1235 4062 1379 4136 minutal

284 4151 496 4213 Alterthumsw.
514 4161 594 4214 1831.
612 4177 639 4231 p.
655 4160 709 4219 269
722 4179 782 4235 sqq.
