2842 4898
684 349 732 426 57

309 536 374 598 ἀλλ’
396 532 488 608 ἄλλην
509 533 569 622 χρὴ
591 539 699 620 πρῶτον
720 532 784 594 ὅδόν
805 526 917 594 τελέσαι
938 529 986 597 nol
1006 529 1123 597 ἱκέσθαι

308 644 349 706 εἷς
368 635 466 702 Ἀΐδαο
489 633 593 710 ddecus
612 632 661 699 nal
681 641 796 713 ἐπαινῆς
816 636 1029 725 Περσεφονεῖης,

311 737 410 828 ψυχῇ
430 737 625 833 «χρησομένους
645 739 776 817 Θηβαίου
797 740 951 831 Τειρεσίαο.

148 893 232 948 etv.
255 883 320 949 539
343 902 405 968 eq.:

314 1018 345 1090 ic
365 1025 468 1110 [Tap]
488 1016 536 1083 κὲν
557 1047 599 1082 τοι
620 1017 729 1103 εἴπῃσιν
750 1014 813 1082 c‘ddv
832 1016 881 1084 uui
901 1017 987 1111 μέτρα
1006 1023 1150 1088 κελεύθου

315 1122 410 1189 vde-rav
430 1126 476 1197 θ’,
497 1127 535 1191 ὥς
555 1118 599 1186 iol
619 1119 720 1188 πόντον
739 1121 869 1188 ἐλεύσεαι
891 1123 1065 1209 ἴχθυᾶεντα.

149 1287 193 1350 At
218 1306 331 1372 magna
358 1285 499 1350 exoritur
529 1280 740 1369 discrepantia
768 1285 796 1347 si
822 1305 894 1347 cnm
927 1284 988 1350 hac
1018 1288 1138 1351 itineris
1166 1309 1262 1353 causa

148 1397 279 1483 hocque
302 1396 437 1461 consilio
460 1414 498 1459 ea
519 1396 762 1481 comparaveris,
785 1415 868 1479 quae
890 1393 974 1460 libro
995 1394 1164 1461 undecimo
1180 1397 1262 1463 duo-

150 1506 345 1592 decimoqne
373 1514 563 1570 enarrantur.
608 1503 717 1573 Causa
746 1506 826 1569 enirn
851 1505 988 1586 consilii,
1011 1527 1076 1592 quo
1101 1506 1205 1589 Circa,
1227 1520 1263 1575 ut

150 1617 192 1683 ad
213 1618 337 1682 inferos
364 1616 634 1703 proficisceretur,
656 1615 742 1682 Ulixi
759 1615 975 1698 demandarat,
1000 1619 1087 1683 nulla
1109 1620 1169 1685 alia
1192 1643 1263 1686 esse

149 1740 289 1817 poterat,
319 1751 414 1815 quam
437 1727 527 1816 quod
549 1727 672 1794 Ulixem
707 1727 748 1793 de
778 1727 883 1793 reditu
904 1731 1024 1795 institui
1046 1734 1157 1817 ntique
1180 1755 1263 1818 opus

150 1853 243 1908 esset
279 1841 385 1929 Quem
409 1845 436 1907 si
458 1841 519 1908 dea
539 1845 610 1931 ipsa
631 1841 691 1905 hac
714 1837 755 1904 de
776 1861 812 1904 re
831 1843 996 1906 certiorem
1017 1842 1121 1908 iacere
1141 1848 1264 1929 potuis-

150 1964 213 2034 set,
239 1953 393 2018 horribile
414 1953 496 2020 illud
520 1958 582 2020 iter
603 1974 670 2018 non
691 1951 802 2016 fuisset
824 1952 1068 2038 suscipiendum.
1114 1955 1215 2040 Quod
1238 1958 1265 2021 si

152 2069 197 2130 ita
221 2075 282 2145 est,
304 2069 482 2131 necessario
505 2064 579 2132 inde
602 2066 823 2148 consequitur,
853 2072 889 2127 ut
911 2084 929 2126 a
952 2063 1041 2128 nullo
1064 2071 1203 2149 potuerit
1225 2064 1266 2132 de

152 2175 261 2241 reditu
284 2175 396 2242 Ulixes
422 2175 564 2260 edoceri,
591 2178 653 2242 nisi
675 2199 693 2240 a
716 2175 846 2239 Tiresia.
891 2177 990 2260 Atqui
1014 2198 1095 2261 qnae
1119 2177 1159 2242 ad
1181 2177 1265 2243 redi-

152 2297 220 2353 tum
249 2291 422 2374 pertinent,
450 2310 553 2377 pauca
576 2299 694 2353 tantum
718 2288 870 2366 Tiresias,
895 2284 990 2353 Circa
1012 2298 1074 2353 tam
1096 2290 1195 2353 multa
1216 2313 1267 2355 re·
1328 2375 1330 2379 7

152 2401 222 2481 lert,
245 2411 282 2465 ut
304 2423 388 2486 quae
411 2412 564 2487 sequatur
585 2403 722 2464 narratio
743 2399 836 2484 plane
852 2396 974 2462 diversa
991 2401 1031 2461 sit
1046 2396 1085 2462 ab
1103 2421 1149 2479 ea,
1173 2420 1267 2484 quam

153 2514 451 2598 exspectaverimus.
494 2512 564 2576 Etsi
586 2512 666 2575 enim
677 2513 817 2576 Tiresiae
833 2511 1014 2574 vaticinium
1036 2512 1075 2575 sit
1096 2509 1182 2576 hand
1205 2514 1268 2577 exi-

157 2626 212 2709 gui
240 2623 404 2701 momenti,
432 2621 534 2687 multo
562 2632 665 2688 tamen
687 2625 815 2688 minoris
836 2621 1017 2688 habendum
1041 2633 1088 2688 est
1110 2647 1148 2690 ea
1171 2625 1268 2712 expli-

155 2737 293 2814 catione,
326 2754 388 2818 qua
417 2733 539 2822 singula
564 2736 684 2800 itineris
711 2735 852 2821 pericula
879 2734 973 2800 Circa
1007 2738 1115 2819 aperit
1161 2738 1268 2822 Atque

155 2848 280 2910 miratio
308 2865 369 2910 nos
392 2843 477 2910 subit
500 2849 591 2911 etiam
614 2849 731 2933 major,
758 2869 828 2911 cum
853 2844 978 2911 Circam
1000 2830 1162 2909 videamus
1185 2850 1268 2931 peri-

156 2956 263 3021 culum
291 2959 324 3021 in
352 2957 454 3020 insula
477 2959 625 3022 Trinacia
651 2958 737 3022 Ulixi
764 2961 908 3023 minitans
936 2978 1003 3021 non
1031 2955 1136 3021 solum
1157 2980 1268 3046 magna

158 3089 194 3132 ex
222 3079 314 3154 parte
342 3066 467 3148 iisdem,
495 3067 614 3155 quibus
637 3071 791 3134 Tiresiam
814 3080 919 3147 antea,
942 3066 1063 3149 verbis,
1092 3069 1149 3134 sed
1177 3073 1268 3135 etiam

158 3183 334 3245 accuratius
349 3178 545 3265 uberiusque
562 3197 808 3246 commemorare
822 3180 828 3212 ¹
842 3178 903 3262 ³⁷).
942 3179 1035 3264 Quae
1054 3178 1170 3264 duplex
1185 3182 1269 3266 ejus-

160 3290 232 3355 dem
251 3281 299 3357 rei
321 3293 459 3356 narratio
483 3313 555 3356 cunr
578 3314 636 3379 per
658 3315 693 3358 se
716 3295 792 3356 mira
815 3302 872 3372 est,
894 3301 961 3355 tum
984 3290 1193 3355 offensionem
1214 3291 1269 3356 ha-

156 3401 214 3470 het
240 3406 416 3482 maximam,
448 3400 539 3489 quod
567 3425 692 3484 eorum,
723 3427 806 3489 quae
829 3406 966 3468 Tiresias
994 3403 1117 3468 Ulixem
1147 3403 1269 3487 doceat,
1301 3424 1310 3432 ”

159 3534 311 3580 summam
340 3516 374 3578 in
400 3512 454 3578 illa
481 3498 617 3602 periculi
638 3517 672 3580 in
695 3516 842 3579 Trinacia
863 3514 1022 3581 subeundi
1046 3537 1271 3581 commemora-

158 3629 248 3691 tione
270 3628 391 3692 versari
417 3647 484 3695 nnn
511 3649 608 3714 posse
631 3625 833 3693 demonstrat.
867 3625 968 3708 'Quid
994 3629 1090 3710 igitur
1115 3638 1212 3692 restat
1238 3630 1272 3693 in

157 3737 216 3803 illo
238 3741 405 3819 vaticinio,
433 3736 523 3823 quod
552 3736 595 3802 ad
621 3735 684 3804 idda
708 3729 761 3801 nal
779 3730 875 3819 μέτρω
893 3727 1034 3800 κελεύθου
1053 3725 1150 3800 cicccc
1167 3761 1200 3801 rc
1221 3757 1272 3800 re-

158 3849 242 3914 ferre
265 3852 386 3934 queas?
413 3847 526 3915 Circae
549 3848 678 3938 quidem
699 3845 886 3911 narrationi
909 3844 1049 3908 Tiresiae
1072 3853 1163 3925 esset,
1185 3852 1272 3910 recte

160 3964 265 4027 omnia
287 3981 360 4026 sese
386 3958 540 4027 haberent
566 3980 673 4048 neque
696 3977 886 4045 quemquam
909 3953 1116 4022 offenderent.
1160 3954 1198 4025 111
1218 3954 1273 4022 illa

235 4229 299 4302 ¹³⁷)
338 4227 405 4285 ΧΠ.
427 4230 478 4287 ¹27
491 4237 553 4302 sqq'.
