2842 4898
611 330 672 402 -65

169 520 208 584 ln
229 514 332 582 verbo
355 518 450 602 igitur
472 511 626 601 ἀλεγύνειν
650 536 756 579 curam
772 514 861 581 vides
876 519 980 583 inesse
994 519 1097 601 talem,
1121 544 1198 607 qua·
1305 545 1306 548 ¹

143 635 176 697 in
199 652 239 696 eo
262 631 463 717 potissimum
482 637 642 706 versetur,
664 637 700 691 ut
722 631 735 694 ὁ
756 623 908 714 dispereo
932 628 1037 695 cibum
1060 632 1122 698 sibi
1146 646 1197 699 ac-

121 747 192 810 rirat
214 745 280 807 sive
303 750 340 804 ut
362 739 443 803 edat.
488 739 600 824 ltaque
623 738 687 803 hoo
707 737 840 813 verbum
862 740 984 824 eodem,
1009 766 1075 829 quo
1089 743 1200 832 μιμνή-

121 855 222 933 ιιοθινι,
243 851 342 919 modo
366 850 407 915 de
431 848 557 914 edendo
581 860 762 936 usurpatur.
806 852 853 916 Ut
875 855 957 917 enim
980 852 1199 941 μιμνήσκεσθαι

121 989 152 1032 ιιι
174 966 277 1031 solmn
300 983 470 1027 memorem
493 983 578 1040 csse,
601 960 751 1027 sedeam
773 965 902 1028 maxime
926 969 1094 1048 actionem,
1117 991 1199 1054 quae

121 1077 160 1143 de
188 1077 341 1155 efficitur,
368 1072 524 1160 significat
538 1072 546 1104 ¹
559 1070 570 1105 ⁵
584 1071 590 1104 ¹
603 1078 632 1156 ):
656 1075 699 1137 ita
718 1068 874 1161 γεἰλεγιῖνειν
895 1085 1016 1142 tantum
1038 1078 1140 1161 abest,
1164 1090 1199 1145 ut

121 1211 204 1254 eram
235 1209 341 1252 curam
373 1189 406 1250 in
435 1184 538 1270 epulis
572 1183 761 1269 apparandis
796 1188 932 1269 positam
960 1188 1197 1273 complectatur,

144 1322 216 1364 cum
238 1296 399 1363 vocabulo
429 1295 520 1364 ὃοῖινι
549 1297 755 1381 conjunctum
777 1294 896 1360 nullam
918 1300 979 1362 nisi
1002 1298 1117 1365 edendi
1138 1324 1199 1367 no·
1284 1384 1287 1388 λ

121 1434 203 1478 »nem
226 1409 352 1474 habeat.

178 1520 281 1606 Quod
303 1522 331 1584 si
352 1522 394 1583 ita
417 1528 477 1599 est,
500 1522 603 1583 omnia
627 1517 711 1583 clara
732 1528 808 1584 sunt
829 1541 867 1584 ac
889 1524 1065 1607 perspicua.
1111 1524 1200 1590 Haec
1282 1521 1286 1525 “

121 1638 168 1699 rim
199 1634 300 1698 existit
326 1630 451 1696 illorum
473 1653 622 1696 versuum
645 1634 813 1696 sententia:
843 1635 969 1716 quietus
992 1636 1199 1701 Telemachus

121 1768 179 1828 ,ros
203 1744 395 1810 administrat
418 1754 448 1809 et
470 1746 569 1830 justas
593 1743 712 1829 epulas,
737 1742 853 1829 quibus
876 1766 935 1828 par
957 1756 1005 1810 est
1024 1750 1200 1833 principem

121 1863 220 1944 egem)
241 1861 407 1936 iuteresse,
435 1854 594 1941 epulatum
625 1876 736 1920 omnes
763 1859 845 1920 enim
867 1877 939 1920 eum
961 1859 1102 1922 invitant.
1147 1859 1200 1925 Ad

121 1991 183 2032 ram
204 1971 493 2053 interpretationem
515 1965 745 2030 defendendam
766 1966 846 2031 haec
866 1967 1024 2032 monenda
1043 1967 1201 2034 videntur.

121 2083 223 2146 unum
252 2082 334 2144 enim
356 2076 456 2141 verba
485 2070 588 2158 τέμειη
612 2071 729 2158 νέμεται
756 2074 833 2149 nihil
855 2075 942 2140 aliud
964 2097 1061 2161 posse
1083 2079 1201 2164 signifi-

121 2213 161 2256 re
184 2214 277 2276 quam
300 2208 419 2274 „agros
442 2185 658 2256 administrat*
680 2183 754 2249 inde
776 2185 969 2272 intelligitur,
994 2188 1081 2273 quod
1103 2191 1200 2255 Laer-

121 2325 142 2384 s,
166 2307 259 2390 cujus
281 2303 391 2379 unius,
415 2320 485 2363 cum
508 2297 678 2381 Penelopa,
705 2299 825 2382 quippe
848 2297 969 2377 mulier,
991 2294 1091 2364 Ulixis
1113 2301 1201 2366 bona

121 2414 302 2478 lministrare
323 2433 390 2475 non
411 2419 531 2491 posset,
555 2430 700 2493 agrorum
722 2411 906 2494 procuratio
927 2409 1046 2487 fuisset,
1069 2410 1127 2475 filii
1144 2412 1200 2477 ab·
1291 2408 1293 2415 *

121 2529 186 2589 ntis
211 2519 327 2583 dolore
348 2517 510 2582 conlectus
524 2521 589 2582 ruri
603 2522 696 2584 vitam
712 2518 827 2606 degere
842 2519 1054 2606 perhibeatur.
1090 2521 1200 2607 Quod,

121 2636 149 2698 si
167 2628 378 2697 Telemachus
405 2624 500 2717 κύριος
526 2630 649 2712 luisset,
683 2643 781 2717 poeta
812 2636 941 2697 omnino
968 2655 1036 2699 non
1065 2633 1199 2701 dixisset.

121 2741 197 2808 erba
214 2739 287 2806 dein
302 2735 476 2810 διιινοςπὸλον
492 2732 584 2825 ἄνδρα
600 2761 669 2800 sum
680 2743 901 2822 interpretatus
913 2745 1104 2826 „principem
1118 2769 1200 2810 sre-

121 2863 183 2936 =m“,
199 2851 290 2939 quod
305 2854 407 2914 omnis
418 2847 595 2936 jurisdictio
612 2846 748 2910 heroicis
764 2847 892 2931 quidem
906 2850 1103 2934 temporibus
1115 2855 1202 2936 apud

121 2989 177 3054 eges
200 2965 398 3052 potissimum
420 2960 518 3025 luisse
540 2966 665 3024 constat
679 2956 687 2989 ¹
700 2954 763 3040 52).

121 3146 292 3161 μ

166 3253 227 3325 ²⁵¹)
265 3242 449 3321 μιμνήσκεσθὶιιι
472 3247 553 3304 aaran
570 3243 638 3315 (Od.
654 3244 721 3308 XX,
735 3239 814 3316 216.)
833 3241 915 3316 lipara
934 3243 1002 3316 (Od.
1018 3247 1071 3313 IV,
1086 3253 1148 3306 213.
1165 3250 1198 3308 ll.

121 3342 198 3409 XIV,
213 3344 292 3411 601.)
311 3345 373 3394 σίτου
393 3337 438 3410 (ll.
454 3337 564 3402 XXIV,
581 3340 641 3396 129.
658 3334 737 3407 602.)
756 3332 850 3408 θούριδος
868 3337 946 3400 ἀλκῆς
963 3336 1009 3408 (ll.
1024 3339 1077 3404 XI,
1088 3345 1151 3402 287.
1163 3342 1198 3400 al.

121 3431 145 3504 l.)
157 3436 213 3496 ebriis
227 3433 272 3504 (ll.
283 3432 393 3496 XXIV,
410 3430 486 3500 180.)
494 3460 521 3471 -
533 3425 614 3499 δόρπου
623 3432 718 3499 μνῆστις
729 3427 763 3489 iar
774 3426 842 3499 (Od.
853 3428 934 3496 Xlll,
945 3433 1023 3503 280.)
1036 3463 1065 3473 -
1076 3434 1201 3504 pedredan:

121 3519 181 3593 ίριιοιν
195 3524 239 3596 (ll.
247 3522 357 3587 XVlll,
368 3519 430 3576 2l5.
439 3519 548 3588 XXlV,
559 3521 599 3591 2.)
610 3521 701 3574 δείπνοιο
714 3517 780 3590 (Od.
789 3519 870 3587 XIX,
878 3522 955 3591 321.)
964 3526 1027 3575 σίτου
1036 3523 1081 3594 (ll.
1090 3525 1201 3593 XXIV,

123 3619 148 3668 18
163 3617 217 3688 sq.)
242 3609 337 3684 θούριδος
360 3613 436 3672 ἀλκῆς
460 3611 506 3680 (ll.
523 3611 575 3676 IV,
596 3608 658 3665 lla.
675 3611 714 3675 V,
730 3613 792 3666 718.
810 3609 860 3677 al.)
883 3607 969 3664 νόστοιο
993 3611 1039 3680 (ΙΙ.
1061 3615 1113 3678 lX,
1134 3616 1197 3669 622.

121 3700 215 3769 10.ΧΙ,
232 3710 293 3759 110.
310 3702 377 3768 Xll,
395 3702 458 3772 137)
482 3704 557 3752 κοίτου
582 3698 650 3770 (Od.
666 3699 705 3762 ll,
719 3702 783 3767 358.
799 3697 853 3760 Ill,
868 3693 946 3765 381.)
967 3703 1080 3768 πολέμοιο
1100 3701 1145 3771 (ll.
1161 3702 1200 3768 ll,

123 3788 159 3848 il.
172 3797 223 3862 IX,
236 3795 313 3866 650.)
333 3791 368 3845 al¹
384 3789 419 3844 al.

172 3903 229 3977 ¹⁵²)
266 3903 303 3959 cl'.
321 3900 353 3956 ll.
371 3900 395 3966 I,
410 3902 472 3952 238.
495 3896 599 3971 llynrn.
616 3896 645 3949 in
656 3894 720 3953 Cer.
737 3899 800 3949 103.
816 3890 879 3951 175.
902 3892 952 3948 Ed.
969 3893 1091 3962 Platner,
1112 3866 1204 3952 notio·

121 4007 146 4045 ¹0⁸
160 3996 225 4068 juris
243 4006 271 4050 et
289 3990 411 4067 justitiae
428 4007 461 4042 cx
475 3984 589 4039 Homeri
602 3994 630 4039 et
641 3983 755 4040 Hesiodi
769 3983 937 4039 carminibus
950 3982 1103 4058 explicitae.
1129 3988 1202 4044 Mar·

121 4095 175 4159 urg.
190 4091 268 4147 1819.
284 4104 312 4159 p.
328 4069 435 4143 92.‘96.
458 4072 581 4133 Nilzsch.
593 4071 614 4132 l.
629 4072 649 4128 l.
665 4072 731 4133 vol.
747 4072 799 4128 111.
815 4091 844 4147 p.
861 4079 915 4136 219
928 4093 970 4149 sq.

978 4194 995 4243 5
