2842 4898
798 340 847 413 38

266 523 413 612 mus⁸⁰).
457 524 574 611 Neque
601 522 707 589 solum
735 525 768 588 in
799 523 862 588 hoc
889 525 1001 590 itinere
1029 523 1071 589 ad
1092 525 1211 590 interos
1234 538 1381 615 suscepto

162 692 169 705 .
266 639 321 704 illa
343 636 491 702 Herculis
514 648 546 702 et
567 636 668 701 Ulixis
692 634 863 700 similitudo
886 639 993 721 posita
1015 648 1077 716 est,
1103 643 1327 703 verumetiam
1349 643 1381 704 in

268 749 400 828 auxilio,
428 748 518 834 quod
541 751 668 832 utrique
691 751 762 812 viro
785 748 928 811 Minerva
952 758 984 812 et
1005 749 1183 814 Mercurius
1205 750 1312 815 tulisse
1334 750 1381 814 di·

268 872 392 924 cuntur.
435 861 517 924 Nam
542 858 631 946 quod
654 870 766 924 nostro
789 858 864 924 loco
888 857 928 924 de
951 860 1064 925 borum
1087 864 1249 925 numinum
1267 861 1378 925 auxilio

267 973 418 1051 refertur,
448 970 481 1035 id
509 993 577 1035 non
603 970 678 1036 inde
710 971 888 1056 proiectum
917 971 1069 1053 arbitror,
1097 971 1185 1056 quod
1207 973 1316 1039 Ulixes
1343 971 1377 1037 ab

267 1081 378 1147 iisdem
407 1081 466 1147 diis
496 1082 682 1148 sublevatus
706 1106 776 1149 esse
799 1080 943 1148 dicatur⁶
957 1083 1001 1168 '):
1026 1082 1083 1149 sed
1104 1086 1232 1170 insignis
1254 1086 1332 1149 baec
1352 1093 1379 1148 et

267 1193 416 1257 Herculis
446 1203 477 1257 et
499 1194 601 1259 Ulixis
623 1194 801 1260 fabularum
823 1192 993 1255 similitudo
1017 1215 1054 1255 ex
1075 1196 1143 1274 ipsa
1165 1195 1332 1259 Minervae
1353 1203 1380 1258 et

268 1302 421 1368 Mercurii
449 1304 622 1370 derivanda
645 1317 693 1370 est
715 1314 832 1388 natura,
859 1317 940 1381 quae
963 1319 1032 1360 cum
1055 1300 1184 1361 maxime
1205 1303 1239 1361 in
1262 1307 1302 1366 iis
1327 1305 1382 1369 ho·

152 1474 156 1479 ,
269 1415 406 1484 minibus
429 1428 575 1482 versetur
598 1413 809 1490 sublevandis,
831 1411 885 1493 qui
907 1403 1010 1468 multis
1032 1406 1134 1487 iisque
1156 1407 1306 1490 gravibus
1326 1435 1383 1496 pe·

267 1527 376 1592 riculis
399 1532 461 1593 sint
478 1525 795 1607 contentionibusque
809 1513 990 1599 illaqueati⁸
1001 1511 1042 1599 ²),
1065 1525 1132 1579 tum
1146 1516 1296 1583 Herculis
1307 1531 1378 1586 ‘tum

268 1637 370 1704 Ulixis
393 1639 500 1704 tabula
523 1657 674 1724 apparere
697 1629 840 1698 debebat.
884 1625 958 1688 Huc
981 1625 1111 1704 accedit,
1135 1626 1223 1711 quod
1245 1630 1377 1714 ll.VHl,

268 1750 335 1822 357
353 1775 422 1837 sqq.
465 1751 607 1814 Minerva
636 1744 676 1807 de
697 1764 732 1806 se
753 1742 821 1823 ipsa
843 1733 933 1816 dicit,
956 1758 991 1800 se
1014 1737 1185 1822 aliquando
1209 1741 1376 1808 Herculem

269 1861 441 1944 adjuvisse,
474 1877 545 1920 cum
572 1856 614 1932 ei,
641 1860 676 1915 ut
699 1850 779 1913 Orci
807 1867 915 1912 canem
939 1860 1131 1935 asportaret,
1159 1850 1376 1919 demandatum

267 1968 378 2034 luisset
391 1963 454 2052 ⁰³).

343 2234 387 2306 ¹⁰)
423 2234 459 2288 cf.
480 2241 539 2286 not.
559 2234 604 2282 2ο.
624 2228 718 2282 Senec.
738 2226 772 2282 de
789 2239 927 2286 constant.
943 2250 985 2305 cp.
1004 2235 1036 2284 22
1057 2229 1192 2289 Catonem
1211 2241 1303 2287 aurem
1321 2203 1374 2288 ω’.

194 2381 198 2386 ,
268 2325 322 2383 tius
336 2321 473 2399 exemplar
486 2316 614 2393 sapientis
624 2317 676 2371 viri
689 2318 770 2372 uobis
785 2318 850 2373 deos
864 2320 1032 2374 immortales
1045 2321 1162 2386 dedisse,
1176 2341 1260 2393 qnam
1272 2323 1374 2378 Ulixem

268 2430 296 2477 ⁰²
315 2415 459 2480 Herculem
479 2405 615 2484 primibus
634 2407 757 2464 saeculis.
797 2410 856 2464 Hos
874 2413 947 2464 enim
961 2409 1045 2466 Stoici
1064 2411 1151 2465 nostri
1165 2413 1305 2484 sapientes
1318 2431 1373 2487 pro-

265 2506 477 2565 nuntiaverunt,
500 2496 616 2553 invictos
640 2497 798 2565 laboribus,
823 2511 1007 2556 contemtores
1034 2499 1182 2574 voluptatis
1212 2513 1241 2556 et
1267 2504 1371 2559 victores

265 2593 389 2650 omnium
419 2589 585 2643 terrorum’·
608 2621 635 2632 -
662 2588 809 2643 Herculem
834 2590 1000 2664 Ulixemque
1026 2603 1157 2664 patronos
1184 2592 1271 2648 luisse
1298 2595 1371 2648 lactor

263 2683 417 2738 Stoicorum
437 2690 465 2733 et
480 2677 671 2752 Sophistarum
691 2689 788 2734 notum
803 2691 852 2735 est.
878 2680 913 2734 cl.
926 2681 1035 2755 Hcyne,
1057 2679 1215 2737 Commeat.
1232 2683 1297 2740 Soc.
1313 2683 1371 2738 Got-

262 2773 333 2845 tiug.
349 2789 374 2824 a.
389 2776 469 2827 1780.
485 2768 547 2825 Vol.
564 2771 615 2826 lll.
633 2769 667 2825 G.
680 2768 713 2828 C.
725 2771 845 2846 Mezger,
865 2768 899 2825 de
912 2769 1031 2827 Hercule
1043 2772 1173 2846 sapientis
1187 2773 1275 2830 Stoici
1293 2792 1371 2830 exem

261 2859 319 2937 plo.
341 2863 460 2937 August.
482 2859 595 2918 Vindet.
619 2866 698 2922 1829.

339 2968 384 3041 ⁸¹)
422 2991 437 3024 a
457 2970 579 3025 Minerva
596 2970 757 3036 sexcenties,
775 2987 791 3023 a
805 2968 946 3025 Mercurio
961 2967 1015 3027 Od.
1026 2970 1064 3031 V·
1082 2971 1145 3026 inll-
1160 2967 1369 3046 ⁰1X2·2ll¹¹l‘l’

262 3058 344 3115 cl.Il.
360 3059 470 3127 XXIV,
485 3056 540 3115 331
552 3080 594 3135 sq.

338 3167 383 3242 ⁸¹)
419 3169 455 3226 cl.
472 3170 503 3225 P.
516 3169 546 3224 F.
558 3167 653 3235 Stuhr,
674 3165 931 3245 lleligionssysteme
950 3169 1000 3225 der
1012 3169 1157 3227 Hellenen.
1179 3171 1283 3228 Berlin.
1296 3176 1368 3228 1888.

262 3274 292 3331 p.
308 3259 362 3312 336
376 3279 437 3333 sqq.
459 3261 499 3334 (p.
515 3265 569 3314 382
583 3279 643 3335 sqq.
662 3255 728 3331 310)
748 3280 776 3334 p.
792 3265 845 3314 318
858 3279 900 3334 sq.

339 3363 383 3434 ⁸³)
422 3365 462 3419 De
486 3365 605 3419 Hercule
628 3385 643 3423 a
668 3367 790 3420 Minerva
816 3376 843 3421 et
867 3368 1008 3422 Mercurio
1030 3371 1169 3425 sublevato
1191 3368 1226 3422 cf.
1250 3366 1285 3422 ll.
1307 3367 1369 3433 XX,

264 3449 317 3507 116
331 3453 398 3525 ibiq.
417 3452 508 3507 Sclrol.
532 3455 656 3528 Euripid.
679 3455 817 3510 Heraclid.
839 3462 893 3516 920
912 3478 973 3532 sqq.
989 3459 1056 3534 ibiq.
1081 3463 1187 3516 Barnes.
1207 3488 1235 3500 -
1259 3457 1367 3534 Dionys.

261 3541 352 3597 Helle.
369 3542 474 3597 Teclru.
490 3545 570 3598 Tom.
585 3545 620 3600 ll.
641 3563 669 3619 p.
685 3539 732 3610 11,
747 3551 779 3600 31
802 3547 857 3618 (ed.
873 3547 1003 3624 Sylburg.
1027 3552 1102 3624 Lips.
1122 3551 1201 3611 1691.
1216 3540 1332 3622 tot.)='t
1348 3547 1366 3600 ll
1409 3535 1413 3584 :'

262 3633 410 3708 [Ἡρακλῆς]
429 3635 468 3686 σὺν
485 3637 515 3709 τῇ
530 3633 617 3706 ’Adnisi
634 3633 711 3689 odisse
730 3635 869 3703 κατώρθωσε
886 3641 918 3690 τοὶ
937 3640 1115 3704 ἐπιταχθέντα,”
1126 3673 1153 3684 -
1167 3639 1316 3716 Pherecyd.
1330 3655 1363 3709 ap·
1406 3625 1413 3677 3

260 3723 351 3779 Schol.
373 3725 428 3782 Od.
452 3725 529 3789 xxl,
550 3730 585 3780 22
610 3728 659 3798 (no
678 3724 723 3781 16.
742 3748 770 3800 ρ.
793 3733 844 3785 172
862 3747 922 3802 sqq.
940 3730 983 3783 ed.
1004 3731 1120 3802 Stura).
1158 3730 1322 3805 Apollodor.
1335 3727 1362 3780 11.

261 3810 290 3881 1,
306 3823 349 3870 11.
365 3822 394 3881 5,
409 3815 436 3870 6.
454 3810 1178 3895 11512.11.6,s.11.t,9(odyssxrmsetsqqq.
1194 3821 1229 3875 ct.
1244 3821 1283 3879 Ο.
1296 3813 1362 3875 ntue-
1402 3808 1413 3860 !

260 3901 311 3971 ler,
333 3905 489 3960 Haudbuch
509 3905 536 3960 d.
554 3906 760 3982 Arelraeologie.
778 3908 821 3962 ed.
841 3909 877 3962 11.
892 3909 917 3981 5.
935 3916 999 3974 881,
1018 3914 1041 3967 7.
1058 3941 1084 3954 ··
1101 3908 1167 3974 lto,
1183 3917 1212 3969 9.
1228 3909 1330 3974 -111,
1343 3912 1359 3960 1.
1398 3895 1413 3953 l!

261 3997 288 4047 3.
300 3999 326 4046 ⁵.
342 4025 370 4037 -
383 3995 449 4059 365,
466 4003 491 4050 1.
511 3998 556 4052 Fr.
566 3997 708 4062 Weleker,
725 3999 753 4053 iu
766 3998 839 4074 Allg.
850 3999 959 4056 Scbuls.
980 4005 1058 4055 1831.
1074 4000 1110 4053 11.
1127 4005 1238 4055 n0138.
1256 4022 1284 4079 p.
1297 4002 1359 4056 1101.
1395 3987 1411 4044 l

259 4091 320 4137 not.
334 4087 358 4134 1.
371 4082 518 4157 boettiger,
529 4086 661 4144 Hercules
676 4091 705 4145 in
718 4089 801 4146 bivio.
823 4090 898 4162 Lips.
913 4093 992 4148 1829.
1002 4107 1032 4161 p.
1044 4091 1078 4142 25
1088 4106 1148 4161 sqq.
1161 4089 1191 4143 B.
1205 4090 1242 4147 G.
1255 4087 1361 4150 Weiske
1394 4096 1413 4134 Η

259 4169 441 4228 Prometheus
455 4190 482 4228 u.
494 4175 553 4230 sein
567 4176 770 4252 Mythenlxreis.
791 4178 913 4253 Leipzig.
931 4174 1012 4231 1812.
1027 4194 1056 4251 p.
1066 4169 1119 4239 195
1129 4196 1172 4255 sq.
1183 4191 1246 4239 not.
1265 4190 1317 4240 tet
1327 4181 1349 4234 t.
1391 4167 1413 4226 li
