2842 4898
854 278 1075 387 ss*

446 550 553 619 Multis
572 544 665 605 aurem
681 510 774 604 poesis
792 490 879 577 1111111
893 502 962 545 cum
976 457 1112 547 Boeotia
1127 468 1315 564 excelluerit,
1334 484 1415 549 mul.

351 667 390 725 tie
418 662 497 723 locis
524 662 554 713 et
578 633 694 705 urhihut
719 598 817 679 Nm&
844 602 912 657 ⁰¹¹³
941 614 1012 660 0⁸⁵0
1039 605 1156 680 potest.
1202 596 1268 661 Sed
1289 607 1324 661 ut
1347 606 1414 660 tota

344 770 365 831 ΙΙ
392 772 401 787 ,
467 751 598 823 eminis
623 744 651 795 ες
672 714 786 785 materia
814 714 844 767 et
872 704 974 769 forma
1005 705 1046 769 ad
1075 708 1308 772 Orchomeuies
1332 709 1415 771 The-

337 788 440 933 521,Σί
463 808 501 925 ..ξ
520 850 638 936 spectat,
657 821 695 891 ita
715 814 798 902 apud
819 814 938 880 alteros
962 827 1052 883 utros
1077 842 1200 883 carmen
1223 818 1303 883 illud
1328 840 1414 882 com-

377 890 466 1035 smss
494 975 559 1022 esse
582 941 641 1005 veri
672 937 717 993 est
751 926 949 993 similhmum.
1002 932 1108 1016 Atque
1141 930 1253 995 eodem
1285 941 1414 995 nostrae

324 998 504 1155 rhhpsodiss
533 1051 671 1130 originem
703 1058 763 1101 nos
797 1039 911 1126 jubent
943 1042 1062 1107 referre
1095 1042 1161 1107 dies
1196 1042 1242 1106 illi
1270 1042 1343 1106 festi
1374 1039 1414 1105 ad

321 1180 393 1245 ὡς),
420 1154 617 1231 ωιοὸιειιάοε
638 1151 785 1228 instituti,
816 1151 934 1235 quibus
963 1165 1097 1238 utraque
1125 1153 1203 1218 urbs
1227 1152 1413 1218 excellebat.

316 1273 484 1350 Charitesiis
516 1265 595 1325 enim
624 1258 820 1349 Orchomeni
851 1262 1015 1327 celebratis
1046 1276 1212 1348 poetarum
1244 1269 1416 1328 certamina

312 1392 438 1460 instituta
459 1376 554 1437 inisse
577 1392 650 1434 cum
674 1393 712 1436 ex
735 1376 895 1437 communi
916 1373 972 1436 illo
997 1374 1193 1438 Graecorum
1217 1396 1322 1453 more,
1346 1387 1415 1439 tum

311 1522 346 1567 ος
364 1487 486 1558 disertis,
510 1501 595 1564 quae
619 1484 678 1548 hae
702 1483 801 1550 dere
825 1495 960 1563 exstant,
983 1488 1167 1548 testimoniis
1190 1496 1335 1570 apertum
1360 1497 1412 1551 est

306 1610 387 1675 Sient
412 1590 574 1658 Hesiodus
611 1619 682 1659 cum
716 1598 923 1662 Orchomeno
957 1606 1019 1660 tam
1053 1599 1244 1680 conjunctus
1272 1597 1346 1677 suit,
1377 1607 1412 1661 ut

305 1706 442 1783 dubitari,
475 1709 555 1788 quin
583 1707 628 1772 ibi
651 1719 682 1772 et
709 1713 847 1773 recitarit
875 1711 1012 1772 carmina
1046 1718 1077 1771 et
1110 1730 1181 1771 cum
1210 1707 1278 1773 aliis
1308 1713 1409 1793 poetis

301 1820 390 1909 epicis
421 1822 563 1898 certarit,
593 1831 738 1904 nequeat.
785 1819 904 1883 Thebis
941 1830 1044 1883 autem
1074 1821 1244 1883 Homerica
1276 1824 1409 1884 earmina

300 1930 417 2019 sognita
446 1928 546 1996 luisse
575 1929 649 1995 inde
673 1935 821 2009 cernitur,
847 1929 935 2015 quod
958 1932 1134 1994 Homerum
1164 1952 1204 1996 eo
1233 1935 1358 1996 venisse
1382 1941 1412 1996 ct

298 2040 423 2114 Crnuiis
448 2047 585 2107 carmina
606 2046 755 2107 recitasse
778 2041 925 2107 traditum
949 2040 1096 2126 θείω).

382 2152 442 2217 His
476 2158 570 2239 igitur
601 2158 806 2239 argumentis,
842 2164 877 2218 ut
907 2157 973 2224 sive
1005 2176 1023 2216 a
1054 2154 1199 2232 Boeoto,
1233 2156 1302 2219 sive
1333 2155 1411 2219 inter

292 2266 437 2331 Boeotos
460 2264 588 2332 Nonnisi
612 2269 820 2350 compositam
844 2287 913 2328 esse
937 2263 1060 2343 ducam,
1085 2286 1301 2329 commoveor.
1340 2265 1410 2350 Qua

292 2380 385 2443 inre
408 2399 504 2461 spero
528 2379 597 2441 fore
622 2387 671 2455 ut,
700 2380 725 2441 si
756 2379 934 2440 autminus
958 2384 1104 2439 accurate
1128 2386 1224 2459 atque
1249 2377 1407 2440 enucleate

293 2488 487 2573 disputarim,
511 2498 566 2551 aut
589 2487 807 2571 probabiliora
830 2506 1060 2572 saepenumero
1085 2508 1178 2572 quam
1194 2492 1322 2552 veriora
1338 2508 1405 2573 pro-

293 2599 434 2676 tulerim,
456 2620 498 2661 ne
521 2599 597 2661 mihi
617 2600 651 2661 in
672 2601 815 2663 virorum
838 2598 1092 2663 doctissimorum
1117 2599 1309 2665 humanitate
1332 2599 1409 2665 desit

293 2709 496 2800 praesidium.

356 2941 433 3013 Ψ)
470 2941 506 2997 ci.
521 2942 661 2999 Plutarch.
673 2943 733 3001 vit.
750 2944 834 2999 Hom.
850 2963 894 3016 cp.
905 2940 932 2999 l.
948 2943 1088 2999 Welcker.
1104 2943 1155 3017 Ep.
1173 2942 1253 3020 Cycl.
1270 2949 1406 3018 p.2⁰7sq.

294 3033 337 3090 De
355 3032 532 3091 Orchomeno
551 3034 586 3090 ci.
608 3033 644 3092 Ο.
660 3034 787 3092 Mueller.
809 3034 942 3094 Orchom.
964 3054 992 3110 p.
1009 3041 1073 3099 390.
1095 3034 1205 3092 Griech.
1227 3037 1297 3093 Litt.
1309 3034 1406 3092 Gesch.

292 3119 360 3183 vot.
382 3127 405 3183 1.
425 3144 454 3202 p.
476 3132 530 3189 139
547 3144 589 3200 sq.
610 3156 637 3169 -
