2842 4898
681 329 729 406 57

307 516 372 578 cita?
394 512 486 588 ἄλλην
507 512 566 602 χρὴ
589 519 696 600 πρῶτον
717 512 782 574 ὅδόν
802 506 915 574 τελέσαι
935 509 983 576 καὶ
1003 508 1120 576 ἱκέσθαι

307 623 347 685 εἷς
366 615 464 682 Ἀΐδαο
487 613 590 690 δόμους
609 612 659 679 uei
679 621 794 694 ἐπαινῆς
813 615 1026 705 Περσεφονεῖης,

309 716 408 808 ψυχῇ
428 717 623 813 χρησομένους
643 719 774 798 Θηβαίου
794 720 949 811 Τειρεσίαο.

147 872 179 926 et
200 881 230 925 v.
254 863 318 928 539
341 882 403 947 sq:

311 997 342 1069 ic
363 1004 466 1089 [Tem]
487 995 534 1063 κὲν
555 1027 597 1062 τοι
619 998 727 1084 εἴπῃσιν
747 996 811 1063 riddo
830 996 879 1065 nol
899 997 984 1091 μέτρα
1003 1002 1147 1066 κελεύθου

313 1101 409 1169 νέα-τον
428 1106 474 1177 θ’,
495 1107 533 1170 uic
553 1099 598 1167 {nl
618 1100 718 1169 adorco
737 1101 866 1169 ἐλεύσεαι
888 1103 1062 1190 ἷχθυὸεντα.

148 1265 192 1328 At
217 1285 328 1350 magna
356 1265 497 1330 exoritur
528 1260 738 1350 discrepantia
765 1267 793 1328 si
820 1286 892 1329 eum
925 1265 985 1330 hac
1017 1268 1136 1330 itineris
1164 1287 1260 1331 causa

148 1375 278 1460 hocque
302 1375 435 1440 consilio
459 1396 496 1437 ea
517 1378 760 1462 comparaveris,
783 1397 865 1460 quae
887 1373 971 1439 lihro
993 1375 1163 1440 undecimo
1177 1375 1261 1441 duo-

148 1484 342 1571 decimoque
371 1494 560 1551 enarrantem.
606 1484 715 1554 Causa
743 1487 824 1551 enim
848 1485 985 1566 consilii,
1009 1507 1074 1571 quo
1099 1484 1203 1567 Circa,
1226 1497 1261 1552 ut

149 1595 191 1661 ad
212 1596 334 1661 inferos
361 1596 632 1682 proficisceretur,
654 1597 739 1664 lilixi
756 1596 973 1677 demandarat,
997 1597 1085 1662 nulla
1107 1598 1167 1663 alia
1191 1621 1261 1664 esse

149 1717 288 1794 poterat,
317 1729 411 1793 quam
434 1707 524 1796 quod
546 1709 670 1775 Ulixem
704 1708 745 1774 de
776 1708 880 1774 reditu
902 1711 1021 1774 institui
1044 1713 1155 1795 utique
1178 1732 1261 1796 opus

150 1830 243 1887 esset.
278 1820 383 1907 Quem
407 1825 434 1886 si
456 1821 516 1888 dea
537 1826 608 1910 ipsa
628 1822 688 1887 hac
711 1819 752 1886 dc
773 1842 809 1886 re
828 1824 994 1887 certiorem
1014 1821 1119 1886 facere
1139 1825 1263 1907 potuis-

150 1943 212 2013 set,
239 1932 390 1998 horribile
412 1933 493 1998 illud
519 1938 579 1999 iter
601 1955 668 1999 non
689 1934 800 1998 luisset
822 1931 1066 2019 suscipiendum.
1112 1932 1214 2017 Quod
1236 1936 1264 1998 si

151 2047 196 2108 ita
218 2054 277 2125 est,
299 2048 480 2110 necessario
504 2043 578 2108 iude
601 2045 821 2127 consequitur,
851 2051 887 2106 ut
910 2041 1040 2106 anullo
1063 2045 1202 2128 potuerit
1224 2041 1265 2109 de

151 2154 257 2222 reditu
280 2157 391 2222 Ulixes
419 2153 563 2236 edoceri,
590 2156 652 2218 nisi
673 2176 692 2217 a
715 2153 845 2216 Tiresia.
889 2154 989 2238 Atqui
1012 2175 1094 2239 quae
1118 2152 1158 2218 ad
1179 2153 1264 2219 redi-

151 2275 218 2331 tum
246 2271 420 2354 pertineut,
448 2287 551 2354 pauca
574 2275 692 2330 tantum
716 2265 868 2344 Tiresias,
893 2261 987 2330 Circa
1009 2274 1074 2329 tam
1094 2266 1193 2330 multa
1215 2288 1265 2331 re·
1326 2351 1328 2354 Α

151 2379 222 2459 fert,
245 2390 281 2442 ut
304 2402 386 2464 quae
409 2390 561 2465 sequatur
582 2379 720 2442 narratio
740 2376 834 2461 plane
850 2374 973 2439 diversa
989 2377 1029 2438 sit
1044 2373 1084 2439 ab
1101 2397 1147 2456 ea,
1171 2397 1284 2469 quam⁸

150 2491 447 2573 exspectaverimus.
491 2489 560 2552 Etsi
582 2491 663 2554 enim
674 2490 815 2553 Tiresiae
830 2488 1011 2552 vaticinium
1034 2489 1074 2552 sit
1094 2486 1180 2553 haud
1204 2489 1267 2554 exi-

154 2602 211 2686 gui
239 2599 402 2678 momenti,
430 2598 530 2664 multo
559 2610 663 2666 tamen
684 2602 812 2665 minoris
834 2597 1016 2665 habendum
1039 2609 1086 2664 cst
1108 2621 1146 2667 ea
1170 2599 1267 2688 expli-

152 2711 292 2788 catione,
323 2730 386 2794 qua
415 2711 537 2796 singula
563 2714 681 2774 itineris
709 2710 850 2792 pericula
877 2709 971 2775 Circa
1005 2700 1113 2792 aperit.
1160 2713 1267 2797 Atque

152 2821 278 2886 miratio
306 2840 368 2882 nos
391 2818 476 2882 subit
499 2822 590 2880 etiam
613 2818 730 2899 major,
756 2836 827 2878 cum
851 2815 977 2879 Circam
999 2815 1162 2881 videamus
1184 2824 1267 2901 peri-

154 2931 263 2997 culum
291 2933 323 2994 in
352 2928 453 2992 insula
477 2929 624 2991 Trinacia
649 2925 735 2990 Ulixi
763 2927 907 2990 minitans
935 2947 1002 2990 non
1030 2925 1134 2992 solum
1157 2951 1268 3017 magna

156 3066 193 3109 ex
221 3052 314 3129 parte
342 3039 467 3119 iisdem,
496 3037 613 3125 quibus
636 3040 789 3102 Tiresiam
813 3047 918 3116 antea,
940 3035 1062 3118 verbis,
1091 3039 1148 3104 sed
1177 3045 1268 3105 etiam

157 3157 334 3220 accuratius
349 3151 544 3235 uberiusque
561 3164 807 3214 commemorare
820 3147 826 3180 ¹
841 3146 902 3231 ³⁷).
941 3148 1035 3233 Quae
1053 3148 1170 3235 duplex
1185 3153 1269 3237 ejus-

159 3266 230 3331 dem
251 3257 299 3330 rei
320 3266 458 3328 narratio
483 3284 553 3326 cum
576 3282 692 3348 perse
715 3263 790 3324 mira
814 3271 870 3340 cst,
893 3271 959 3325 tum
982 3260 1192 3328 offensionem
1214 3262 1269 3327 ha-

156 3377 214 3446 het
240 3380 415 3455 maximam,
448 3372 538 3460 quod
565 3394 690 3453 eorum,
722 3394 804 3458 quae
827 3373 965 3438 Tiresias
993 3372 1115 3439 Ulixem
1145 3375 1268 3459 doceat,
1300 3396 1310 3404 ‘

160 3510 311 3555 summam
339 3489 373 3551 in
400 3485 454 3552 illa
480 3470 615 3573 periculi
637 3487 671 3550 in
693 3485 840 3550 Trinacia
861 3483 1021 3550 subeundi
1044 3506 1269 3554 commemora-

161 3604 248 3667 tione
270 3601 390 3664 versari
416 3619 483 3666 non
510 3620 607 3684 posse
629 3596 832 3662 demonstrat.
865 3596 967 3680 'Quid
993 3600 1089 3682 igitur
1114 3609 1212 3664 restat
1237 3602 1271 3665 in

159 3712 218 3778 illo
240 3714 405 3791 vaticinio,
433 3707 523 3794 quod
552 3706 594 3773 ad
621 3705 683 3775 tttv
707 3699 761 3771 aul
778 3701 874 3790 μέτρω
892 3698 1033 3770 κελεύθου
1053 3696 1149 3771 viram
1167 3733 1199 3773 τε
1220 3728 1272 3771 re·

162 3824 244 3888 ferre
268 3824 386 3909 queas?
413 3817 526 3885 Circae
549 3816 676 3906 quidem
698 3817 836 3880 narratio
859 3816 885 3877 si
908 3814 1049 3878 Tiresiae
1071 3825 1163 3896 esset,
1185 3825 1272 3881 recte

165 3937 267 4000 omnia
289 3955 360 4000 sese
386 3929 540 3998 haberent
566 3948 672 4016 neque
696 3947 886 4013 quemquam
909 3922 1115 3990 ostenderent.
1160 3924 1197 3995 ln
1218 3925 1273 3993 illa

241 4201 302 4274 ¹³⁷)
338 4200 405 4257 ΧΠ.
427 4201 479 4258 127
491 4207 553 4274 sqq'.
