2842 4898
688 309 739 381 86

150 485 301 574 turm).
347 485 452 575 Cujus
481 488 610 581 quidem
638 485 808 580 cispiaco
838 514 873 558 se
901 495 1005 580 primo
1028 500 1153 559 notatae
1174 491 1267 558 Nita-

150 602 256 665 schius
278 602 359 665 hanc
382 598 469 667 λύσιν
483 601 676 687 proposuit²
688 602 696 636 ¹
708 603 756 688 ⁶):
779 603 884 686 Jenes]
898 608 931 670 in
947 604 1168 671 Orchomenos
1183 602 1268 668 oder

150 714 184 775 in
206 711 307 797 Pylos
329 712 411 776 muls
433 713 521 778 wohl
544 717 594 778 ein
611 713 788 800 Gegensatz
812 716 1032 803 allgemeinern
1052 717 1166 782 Sinnes
1190 718 1267 794 sein,

152 821 232 887 oder
255 845 310 909 gar
333 834 416 888 etwa
439 828 509 890 eine
531 826 813 911 sprttchwtirtliche
828 828 1057 916 Bezeichnung.
1101 829 1270 913 Agamem-

151 955 219 1000 non
246 938 343 998 meint
365 936 466 1000 wohl:
495 938 549 1001 Sei
578 958 611 1001 es
640 949 722 1002 etwa
745 942 787 1003 im
810 940 944 1005 Norden
968 944 1023 1021 (im
1045 937 1269 1025 Minyeischen

152 1049 389 1129 Orchomenos)
413 1047 493 1112 oder
514 1051 556 1111 im
579 1048 688 1113 Sttden
711 1053 768 1131 (im
787 1052 1023 1117 Messenischen
1038 1051 1166 1138 Pylos),
1191 1046 1270 1113 oder

150 1160 331 1226 im-hesten
356 1158 445 1222 Falle
473 1158 557 1221 heim
584 1142 750 1222 Menelaos
778 1165 811 1225 in
834 1164 956 1247 Sparta.
1002 1162 1039 1226 ln
1066 1166 1119 1226 ein
1142 1160 1268 1226 solches

150 1271 346 1336 Verhiiltniis
378 1270 460 1335 mnis
493 1270 549 1334 das
579 1271 660 1334 lezte
688 1270 847 1355 Satzglied
873 1292 948 1335 vom
976 1273 1144 1335 Menelaos
1174 1271 1269 1335 noth-

152 1382 280 1469 wendig
306 1381 482 1446 hommen.''
528 1380 594 1445 Sed
621 1384 655 1445 in
675 1382 829 1444 Nitzschii
856 1383 1114 1467 interpretatione
1138 1384 1272 1464 acquie-

151 1491 242 1560 scere
264 1515 402 1579 nequeo.
447 1490 532 1556 lllud
560 1513 635 1556 sane
664 1501 695 1556 et
718 1491 893 1556 Muellerus
922 1502 953 1555 et
975 1492 1156 1556 Nitzschius
1183 1501 1269 1557 recte

151 1617 398 1695 perspexerunt,
437 1604 676 1671 Orchomenum
715 1604 887 1689 Minyetam
927 1624 997 1667 esse
1035 1602 1267 1690 intelligendam

152 1722 197 1800 (v.
220 1718 315 1802 459),
350 1716 407 1781 sed
436 1727 504 1781 tota
533 1727 638 1780 tamen
672 1715 799 1780 illorum
826 1735 976 1778 versuum
1005 1713 1177 1780 difficultas
1209 1716 1266 1779 aha

151 1829 227 1891 mihi
248 1831 370 1890 ratione
393 1825 536 1890 tollenda
558 1824 691 1888 videtur.
736 1826 817 1888 Nam
841 1848 912 1889 cum
934 1824 1064 1898 Νεκυίας
1086 1828 1212 1890 materia
1225 1831 1267 1886 et

152 1937 254 2003 lorma
280 1939 449 2001 Boeotium
477 1936 561 2001 illius
589 1935 780 2022 rhapsodias
810 1947 973 2002 auctorem
1000 1936 1167 2017 indicaret,
1194 1932 1265 1999 iude

151 2055 230 2115 mira
252 2051 495 2136 Agamemnonis
510 2048 608 2113 verba
632 2048 780 2134 explicari
801 2071 898 2135 posse
921 2049 1013 2114 facile
1029 2046 1262 2137 perspiciebam.

153 2161 219 2243 Qui
244 2167 325 2223 enim
348 2164 465 2227 lactum
488 2167 536 2242 sit,
560 2171 596 2226 ut
619 2162 842 2225 Orchomenus
865 2165 967 2247 primo
992 2160 1066 2225 loco
1091 2151 1261 2225 nominare

151 2281 218 2351 tur,
249 2272 349 2356 Pylus
380 2272 522 2338 secundo
539 2270 630 2357 ²¹⁷),
663 2272 777 2357 Sparta
807 2276 900 2336 tertio
935 2272 1076 2351 demum,
1109 2275 1136 2337 is
1169 2273 1260 2336 statim

153 2384 408 2469 comprehendet,
432 2387 487 2472 qui
508 2399 609 2450 meam
631 2383 673 2449 de
694 2382 822 2454 Nunnius
845 2385 965 2470 origine
988 2387 1176 2449 sententiam
1192 2402 1257 2468 pro-

150 2492 282 2558 haverit.

241 2603 369 2688 Quibus
393 2607 540 2690 expositis
562 2602 678 2668 librum
695 2605 865 2692 Odysseae
889 2605 1092 2672 undecimum
1108 2631 1126 2672 a
1141 2607 1255 2671 Boeoto

151 2716 260 2804 aliquo
296 2717 475 2781 conlectum
509 2737 579 2782 esse
614 2716 787 2801 apparebit.
837 2717 919 2782 Nam
954 2730 1137 2805 argumenta
1164 2715 1254 2781 adhuc

151 2831 276 2917 prolata
298 2829 445 2894 videntur
469 2851 538 2894 esse
563 2849 608 2908 ea,
632 2828 749 2912 quibus
772 2832 805 2893 in
827 2829 1023 2916 singulorum
1047 2833 1177 2895 Homeri
1196 2847 1251 2890 car·

151 2947 269 3006 minum
292 2945 393 3025 patria
415 2939 630 3027 investiganda
652 2943 773 3026 majora
796 2941 901 3006 afferri
922 2946 1136 3028 nonpossint.
1181 2940 1250 3002 Tota

153 3057 235 3118 enim
263 3052 317 3117 illa
345 3055 488 3137 quaestio
512 3055 545 3116 in
568 3073 607 3116 eo
631 3055 743 3139 magis,
772 3052 860 3141 quod
889 3053 1057 3137 probabile
1081 3064 1144 3134 est,
1170 3069 1248 3137 quam
1298 3098 1300 3103 .

152 3167 186 3228 in
207 3186 284 3229 vero
313 3168 385 3250 ipso
408 3159 552 3229 versetur
578 3185 710 3229 necesse
740 3175 795 3230 est.
841 3165 952 3249 Quare
981 3189 1053 3231 cum
1076 3171 1109 3232 in
1131 3155 1248 3229 Boeotia

152 3276 219 3336 sive
246 3278 327 3336 inter
353 3277 497 3340 Boeotos
530 3279 738 3360 compositam
768 3299 837 3341 esse
863 3274 991 3343 Νεκυίαν
1020 3277 1185 3363 probabile
1206 3273 1245 3348 sih

152 3403 193 3445 ne
222 3379 298 3465 quid
328 3379 439 3445 deesse
462 3384 535 3446 huic
558 3383 765 3468 disputationi
786 3385 945 3468 videatur,
969 3390 1048 3474 quid
1070 3393 1244 3455 Boeotorum

151 3493 252 3558 Ulixis
279 3489 417 3554 fabulam
446 3491 532 3574 apud
561 3515 596 3556 se
626 3493 781 3558 celebrari
808 3498 985 3564 interfuerit
1008 3521 1187 3586 quaeramus
1204 3493 1241 3559 lo
1298 3492 1300 3528 ³

153 3626 289 3691 eumque
311 3604 542 3690 investigemus,
565 3626 631 3690 quo
654 3608 780 3671 recitari
801 3605 914 3678 Nsnm‘a
936 3618 1086 3697 potuerit.

229 3842 291 3915 ²¹⁵)
328 3844 363 3900 cl.
385 3843 509 3900 Nismch.
529 3845 550 3900 l.
571 3845 591 3903 l.
611 3845 677 3905 vot.
699 3848 750 3902 III.
772 3867 800 3924 p.
818 3851 879 3910 278.

229 3946 291 4020 ²¹⁶)
328 3950 348 4006 l.
367 3951 387 4007 l.
408 3950 475 4010 Vol.
496 3954 548 4008 ΙΙΙ.
570 3974 598 4029 p.
620 3956 673 4014 278
692 3974 734 4031 sq.

230 4047 292 4121 ²¹⁷)
328 4056 364 4110 ef.
384 4075 469 4130 supra
487 4079 516 4134 p.
538 4068 582 4118 80.
603 4063 726 4121 Nitzsch.
747 4065 767 4122 l.
787 4067 806 4124 l.
828 4067 892 4128 Vol.
914 4070 966 4126 111.
988 4090 1015 4146 p·
1038 4074 1100 4134 279·
