2842 4898
646 334 733 407 ·tt

148 524 254 606 nibus,
278 521 473 608 Calypsone
495 529 527 585 et
547 519 707 584 Nausicaa
721 517 984 605 Phaeacibusque
998 522 1166 588 imminent
1198 523 1271 590 dam

149 659 228 703 vero
254 658 329 701 cum
352 635 484 697 maxime
503 634 624 696 animus
639 639 750 696 noster
764 634 801 696 iis
816 629 915 696 rebus
931 645 1163 716 permoveatur,
1186 657 1270 720 quac

149 749 330 814 venustatis
354 744 487 829 aliquam
511 754 543 808 et
565 742 744 818 divinitatis⁴
759 746 897 828 speciem
919 767 997 829 prae
1018 747 1168 810 scierant
1184 770 1270 811 cum·

155 880 222 944 que
250 860 379 920 maxima
411 853 505 919 nobis
536 865 579 919 ut.
600 858 639 920 iis
667 858 849 919 resistamus
879 877 962 940 opus
990 860 1029 920 sit
1051 860 1084 921 vi
1113 861 1270 944 animique

157 971 346 1034 constantia:
375 967 513 1045 Ulixem,
540 964 690 1051 periculis
712 968 745 1030 vi
767 987 838 1030 eum
861 968 1117 1053 impugnantibus
1140 980 1269 1054 supera-

156 1083 214 1159 tis,
244 1090 411 1165 antequam
435 1078 671 1143 sollicitationes
700 1076 769 1141 illas
799 1081 957 1164 captiosas
979 1090 1076 1163 atque
1102 1079 1269 1145 illecebras

158 1190 219 1256 sub
243 1196 326 1255 exitu
349 1212 493 1255 errorum
517 1189 689 1254 collocatas
713 1186 847 1267 subiret,
871 1188 1050 1255 ad'inlero's
1074 1190 1269 1255 descendens

156 1314 217 1367 tem
239 1313 336 1386 pocta
363 1303 454 1380 facit,
482 1311 518 1365 ut
545 1299 588 1391 ab
611 1303 696 1364 omni
723 1299 819 1363 beros
846 1299 1024 1366 infirmitate
1048 1301 1209 1380 liberetur,
1233 1312 1267 1366 et

155 1414 217 1479 boc
239 1436 340 1498 opere
363 1410 572 1492 ex2Herculis
595 1413 750 1475 sententia
766 1406 818 1494 ¹⁸)
840 1414 978 1474 maximo·
996 1410 1144 1476 absoluto
1160 1424 1271 1477 contra

158 1528 263 1589 omnia
288 1545 370 1609 quae
393 1533 567 1607 sequantur
588 1520 728 1607 pericula
748 1521 946 1587 firmissimus
961 1522 1083 1600 evadat,
1105 1544 1186 1587 neve
1202 1544 1270 1587 om,

157 1656 230 1700 nem
259 1639 293 1699 in
316 1638 464 1720 patriam,
494 1633 650 1720 adquam
678 1630 793 1714 frustra
822 1644 886 1697 tam
908 1632 964 1698 diu
987 1633 1149 1719 appellere
1172 1656 1269 1698 cona-

158 1757 211 1811 tus
233 1751 280 1827 sit,
303 1744 461 1810 redeundi
483 1768 572 1831 spem
595 1743 721 1831 abjiciat
734 1743 742 1778 ¹
755 1742 796 1829 ⁹).

177 1904 180 1910 -
248 1860 350 1924 Totus
374 1861 455 1922 enim
472 1859 552 1923 Orci
573 1856 698 1937 babitus
723 1879 794 1921 cum
816 1859 913 1921 tristis
928 1855 1097 1939 videretur,
1120 1868 1152 1922 et
1169 1880 1187 1922 a
1203 1878 1269 1944 quo

157 1969 320 2054 lugeretur
343 1969 549 2056 dignissimus,
572 1991 709 2054 cumque
732 1971 764 2032 in
787 1968 1048 2053 banc'regionem
1066 1969 1194 2033 'Ulixem
1215 1992 1271 2051 ve-¹

157 2083 228 2145 nire
255 2102 387 2145 necesse
415 2092 512 2160 esset,
537 2084 597 2144 nisi
626 2083 766 2145 omnium
788 2083 902 2142 virium
932 2083 1133 2144 contentione
1162 2090 1272 2143 contra

162 2212 200 2254 ea
222 2192 365 2276 pericula
389 2192 590 2256 dimicaturus
613 2203 708 2272 esset,
736 2213 820 2277 quae
842 2190 905 2254 buc
929 2212 999 2255 eum
1024 2191 1106 2255 lerre
1128 2189 1271 2256 intende·

157 2313 242 2379 rent;
272 2303 363 2368 facile
386 2315 434 2369 est
456 2303 618 2369 intellectu
646 2305 728 2369 banc
752 2314 866 2368 certam
888 2303 1078 2387 minimeque
1100 2301 1272 2388 jucundam

156 2436 245 2499 spem
268 2417 368 2481 Ulixis
390 2420 474 2481 vires
498 2418 659 2496 animique
682 2417 886 2477 constantiam
906 2414 1108 2479 vehementer
1129 2413 1272 2477 firmasse

157 2548 197 2590 ac
218 2526 416 2603 roborasse..
448 2549 451 2553 ’

163 2644 166 2649 ’
249 2635 337 2700 Idem
359 2633 446 2721 quod
461 2634 570 2700 Orcus
585 2632 729 2698 efficiunt
742 2634 882 2717 feminae,
905 2661 988 2724 quae
1003 2638 1154 2719 infirmae,
1177 2649 1272 2722 atque

158 2747 201 2812 ad
222 2748 342 2812 inferos
372 2748 534 2833 proiectae
557 2746 641 2810 Ulixi
669 2745 833 2828 suadeant,
862 2760 898 2814 ut
925 2773 1050 2835 semper
1077 2751 1167 2813 fortis
1190 2771 1271 2814 nevo

160 2880 304 2942 unquam
325 2862 448 2922 virtutis
476 2869 508 2922 et
534 2857 695 2943 pugnandi
722 2861 884 2926 immemor
908 2865 956 2925 sit.
1002 2862 1116 2942 Neque
1139 2880 1217 2920 vero
1240 2862 1273 2922 in

160 2968 230 3033 sola
252 2968 439 3034 fortitudine
460 2968 593 3042 salutern
615 2973 748 3054 positam
772 2993 849 3052 esse,
873 2971 1022 3050 Achilles,
1049 2973 1272 3057 Agamemnon,

158 3082 256 3166 Ajax,
286 3079 338 3144 alii
362 3079 547 3161 ostendunt,
577 3084 803 3168 quiquamvis
832 3086 932 3148 fortes
962 3095 1067 3148 essent
1090 3095 1121 3146 ct
1143 3085 1273 3163 maxime

160 3194 304 3254 omnium
327 3196 471 3277 corporis
493 3192 614 3275 viribus
635 3194 835 3270 excellerent,
857 3204 961 3254 tamen
976 3194 1071 3254 morti
1087 3189 1274 3253 succumbe·

159 3299 249 3380 bant,
274 3304 351 3385 quia.
369 3301 534 3385 prudentia
556 3308 713 3391 animique
735 3305 874 3368 versutia
898 3302 1056 3367 carebant.

249 3411 315 3476 Sed
338 3435 410 3478 cum
431 3415 509 3480 baec
531 3402 706 3481 situatum
728 3416 911 3478 feminarum
927 3420 1134 3500 virorumque
1157 3418 1184 3478 si
1206 3435 1272 3478 uno

159 3544 218 3588 eos
246 3535 378 3609 aspectu
404 3526 668 3613 contemplamur,
695 3536 808 3608 restat,
836 3537 873 3590 ut
896 3528 973 3613 quid
996 3527 1057 3592 sibi
1078 3528 1154 3620 yelit
1177 3531 1275 3588 unus'-

216 3742 590 3826 'mmmmm

239 3838 281 3913 ¹⁹)
317 3840 442 3901 Omnino
465 3843 551 3916 igitur
569 3840 717 3897 Ulixes-in
736 3837 843 3918 Orcum
862 3834 1018 3900 descendit,
1043 3842 1074 3887 ut
1098 3829 1130 3887 id
1146 3829 1227 3907 qood,
1239 3833 1275 3911 ad

159 3929 279 3985 reditum
304 3951 375 4007 opos
400 3942 468 3985 esset
492 3933 549 3987 sive
572 3929 718 3987 consilium
741 3930 797 3984 sive
821 3945 897 4000 spem
917 3924 973 3977 sive
992 3933 1096 3979 metum
1116 3923 1171 3978 sive
1190 3922 1276 3980 animi
1339 3988 1342 3996 ,

159 4019 320 4097 firmitatem
346 4021 411 4076 inde
434 4021 562 4076 auferret.
603 4019 686 4095 Quod
709 4021 732 4074 si
756 4018 817 4089 quis
842 4012 948 4087 poetice
966 4013 1119 4089 exprimere
1138 4013 1211 4082 vult,
1237 4016 1276 4081 ita

159 4110 239 4168 debet
259 4112 425 4178 describere,
445 4111 599 4166 arfactum
618 4120 672 4164 este
698 4107 809 4164 Ulixem
827 4105 859 4160 in
876 4102 973 4164 orcum
991 4106 1172 4177 descendisse,
1192 4117 1224 4164 ut
1241 4104 1277 4160 dc

158 4204 248 4261 ruditu
267 4203 391 4279 aliquem
409 4201 451 4274 (b.
471 4199 491 4259 l.
512 4200 660 4272 Tiresiam)
675 4194 843 4265 consuleret.
899 4254 904 4266 ,
