2842 4898
695 336 720 407 8

151 529 209 615 qni
230 530 296 615 jam
317 549 402 595 unus
423 525 576 612 loquatur
595 542 646 586 vv.
663 519 804 602 63-87,
828 530 860 586 et
881 543 912 588 v.
932 525 974 589 80
989 545 1035 611 sq.
1051 534 1081 590 et
1095 526 1139 607 V,
1159 526 1264 598 1-27

150 642 334 726 interpositi
356 637 530 702 habeantur
547 631 608 717 ¹²).

243 755 350 837 Atque
380 749 459 811 haec
486 742 613 831 quidem
647 764 717 806 mea
749 741 790 807 de
817 743 1061 811 Homericorum
1096 751 1264 813 carminum

153 864 276 946 origiue
300 840 410 945 opinio
434 866 488 921 est
532 853 705 937 Reliquum
728 864 789 934 est,
812 864 848 918 ut
870 860 980 940 paucis
1004 859 1082 943 quid
1106 861 1147 926 de
1170 865 1262 925 inter-

152 969 369 1058 polationibus
391 967 528 1054 judicem
551 984 715 1047 exponam.

242 1080 316 1140 Tria
349 1090 454 1140 autem
487 1077 767 1158 interpolationum
800 1079 833 1141 in
863 1078 1007 1143 Homero
1037 1091 1111 1144 suut
1141 1103 1263 1167 genera,

151 1206 286 1272 quorum
316 1190 453 1269 primum
481 1188 514 1249 in
542 1187 579 1248 iis
602 1186 748 1247 versibus
771 1198 927 1264 versatur,
954 1192 1009 1268 qui
1031 1188 1106 1252 licet
1129 1213 1265 1272 prorsus

149 1295 211 1361 sibi
232 1308 412 1383 repugnent
434 1307 551 1374 tamen,
575 1316 647 1357 enm
671 1292 846 1356 differentia
874 1296 972 1376 ipsam
995 1301 1186 1361 narrationis
1210 1324 1268 1364 na-

150 1417 255 1474 turam
276 1414 422 1498 propius,
445 1431 537 1496 quam
559 1408 608 1470 cui
631 1403 776 1467 versibus
800 1425 837 1466 cx
851 1405 992 1468 Homero
1016 1405 1178 1490 ejiciendis
1199 1430 1270 1471 me-

153 1519 223 1584 deri
238 1527 405 1609 possimus,
424 1525 557 1602 attingat,
574 1515 634 1578 alio
651 1515 749 1578 modo
767 1518 848 1578 iuter
863 1537 897 1578 se
914 1515 1074 1579 conciliari
1089 1529 1266 1600 nequeunt,

155 1653 252 1718 qnam
280 1636 305 1698 sl
326 1653 436 1695 versus
463 1628 536 1691 illos
565 1624 606 1691 ad
632 1624 758 1691 diversa
786 1629 921 1690 carmina
949 1631 1107 1712 pertinere
1131 1627 1265 1694 arbitra-

154 1764 241 1824 mur,
271 1764 351 1829 quae
379 1740 542 1824 separatim
570 1738 653 1802 facta
682 1748 735 1802 aut
758 1731 966 1823 a'rhapso'dis
990 1748 1044 1801 aut
1067 1738 1107 1802 ab
1131 1730 1185 1818 tis,
1212 1744 1264 1827 ‘qui

153 1840 276 1936 singula
309 1835 475 1914 Homerica
512 1853 648 1914 carmina
685 1834 888 1934 colligebant,
928 1849 979 1912 ad·
1001 1853 1099 1913 unum
1131 1850 1262 1936 aliquod

152 1981 269 2048 poema
298 1957 497 2025 efficiendum
524 1964 605 2025 inter
628 1983 662 2026 se
687 1960 969 2048 conjungebantur.
1015 1961 1109 2024 Tales
1133 1953 1261 2045 potissi-

153 2096 239 2138 mum
266 2050 524 2155 interpolationes
546 2073 765 2139 Lachmannns
795 2082 827 2137 et
841 2075 1049 2137 Hermannus
1077 2076 1260 2158 perscrutati

152 2193 233 2246 sunt.
272 2168 529 2267 -Qnasapparet
556 2185 653 2250 Iliade
684 2185 899 2270 Odysseaque
926 2188 960 2249 in
982 2184 1104 2269 singula
1128 2186 1262 2248 carmina

152 2289 327 2357 dividendis
351 2293 511 2359 sublatum
532 2300 571 2360 iri
586 2296 593 2326 ¹
606 2295 647 2380 ³).
762 2324 765 2331 ·

239 2401 423 2472 Secundum
452 2429 551 2494 genus
581 2417 628 2472 est
650 2428 800 2471 versuum
822 2428 947 2486 eorum,
971 2409 1115 2490 quitum
1139 2407 1264 2471 demum

153 2509 352 2596 oriebantur,¹
371 2542 441 2582 eum
465 2529 496 2582 et
520 2523 656 2582 carmina
679 2518 839 2582 condendi
855 2530 886 2582 et
907 2517 1031 2582 fabulas
1054 2518 1197 2603 fingendi
1218 2521 1261 2583 ia-

151 2623 252 2689 enltas
282 2625 485 2691 vehementer
518 2638 601 2691 esset
636 2626 804 2691 debilitata.
856 2628 916 2690 His
951 2630 1033 2689 enim
1066 2630 1262 2711 temporibus

150 2736 317 2821 rhapsodi‚
352 2742 407 2822 qui
439 2741 501 2825 jam
535 2748 699 2822 poetarum
729 2759 859 2802 munere
892 2736 1118 2823 fungebantur,
1154 2762 1261 2806 versus

151 2847 388 2935 componebant
411 2860 442 2914 et
465 2853 606 2936 genuinis
630 2849 858 2914 interserebant
880 2848 967 2927 tales,
992 2849 1102 2933 quales
1126 2853 1153 2912 si
1173 2874 1262 2916 accu-

149 2967 217 3049 rate
241 2963 436 3044 perspexeris
457 2961 534 3026 ferri
555 2980 620 3024 uon
644 2959 925 3045 posse'intelliges.
957 2962 1093 3024 Maxime
1107 2983 1187 3026 vero
1206 2965 1263 3026 hoc

150 3071 194 3134 ita
217 3072 334 3135 iactum
363 3081 423 3151 est,
451 3083 486 3136 ut
516 3071 683 3158 rhapsodi‚
713 3075 768 3157 qni
791 3071 908 3135 nullam
936 3070 1089 3136 haberent
1111 3078 1262 3138 rationem

152 3201 276 3262 causae,
301 3206 357 3248 cur
384 3183 493 3248 fabola
515 3185 577 3249 hoc
600 3194 631 3249 et
653 3205 720 3249 non
742 3184 806 3248 alio
830 3183 927 3248 modo
944 3185 1075 3248 formata
1092 3196 1185 3263 esset,
1212 3207 1265 3251 cur

150 3290 248 3377 poeta
274 3293 337 3357 hoc
365 3307 554 3374 enarrasset,
583 3295 662 3360 illud
690 3299 900 3380 praeterisset,
927 3295 968 3375 id,
993 3296 1081 3381 quod
1103 3297 1266 3362 Homerus

150 3382 219 3466 non
241 3406 301 3467 nisi
329 3403 482 3468 brevibus
504 3403 611 3469 verbis
638 3404 764 3470 dixisset
786 3409 980 3493 strictimque
1002 3405 1161 3491 attigisset,
1183 3403 1266 3472 ube-

79 3573 83 3583 ,
150 3514 217 3577 rius
241 3536 278 3577 ac
300 3515 402 3580 insius
425 3526 607 3580 enarrarent
622 3515 629 3548 ¹
642 3514 683 3602 ⁴).

151 3636 357 3652 mn·-

230 3691 273 3764 Η)
310 3692 379 3748 Tale
401 3693 469 3768 qnid
492 3696 549 3768 jaus
568 3695 691 3770 Kaysero
713 3692 768 3750 ll.
796 3713 825 3769 p.
846 3701 879 3751 11
905 3697 935 3752 in
958 3701 1079 3750 mentem
1099 3691 1210 3749 venisse
1228 3693 1265 3749 ri·

151 3778 213 3837 deo.
233 3783 361 3859 -Quod
382 3783 546 3840 vocabulum
568 3789 611 3856 μὶν
630 3786 665 3854 (l.
688 3781 734 3857 84)
761 3785 869 3841 nullum
894 3789 918 3841 di
937 3784 1078 3858 sequitur,
1103 3781 1131 3837 id
1158 3786 1264 3859 saepius

151 3874 225 3944 apud
250 3875 403 3929 Homerum
429 3874 489 3931 fiori
513 3885 629 3931 constat.
656 3874 693 3929 el.
719 3873 775 3933 Od.
795 3878 821 3946 1,
842 3881 886 3938 78.
907 3874 942 3932 ll.
964 3875 1002 3943 V,
1022 3879 1087 3936 901.
1108 3873 1178 3942 vll,
1201 3879 1260 3934 357.

152 3959 195 4016 De
213 3972 273 4017 toto
291 3965 354 4021 loco
373 3964 439 4020 olibi
458 3966 545 4022 fusius
563 3963 703 4022 disseram.

228 4051 272 4123 ¹³)
309 4056 346 4108 cl'.
367 4055 437 4127 Cup.
457 4056 510 4113 lv.

228 4141 272 4212 u)
309 4144 345 4198 cf·
367 4144 458 4220 ΒΨ,
484 4147 518 4204 11⁸
543 4148 625 4205 pom,
645 4146 713 4212 pfl⁸
738 4167 769 4223 p,
793 4140 858 4206 437.
896 4141 962 4198 Huc
984 4139 1105 4217 pertinet
1128 4141 1210 4206 iocus
1233 4146 1264 4203 de

63 4280 67 4285 .
152 4230 298 4312 Elpenore.
318 4232 355 4293 cf.
375 4233 459 4292 infra.
