2842 4898
680 340 729 412 60

242 524 320 612 Quo
343 525 438 612 igitur
457 525 609 611 majorem
637 521 733 590 nobis
762 526 894 590 existere
915 525 1111 590 mirationem
1133 543 1262 588 necesse

153 646 215 718 est,
249 659 321 701 cum
348 640 430 702 inter
455 644 641 721 praecepta,
674 657 757 720 quae
787 636 828 701 de
854 635 972 700 inferiis
1002 633 1098 702 Circa
1124 632 1260 714 dederat,

152 769 330 834 eorumque
353 750 590 814 exsecutionem
612 768 681 814 non,
701 748 847 834 aliquam,
869 746 927 813 sed
946 767 1008 834 pro
1024 747 1119 834 hujus
1133 749 1181 810 rei
1195 766 1261 831 gra·

152 862 249 927 vitate
281 883 482 948 permagnam
510 860 722 928 diversitatem
746 858 943 926 intercedere
971 857 1153 922 videamus?
1198 854 1265 940 Qui

153 975 237 1037 enim
266 977 469 1058 cognoverit,
500 983 619 1059 quanta
652 975 685 1037 in
714 971 812 1037 rebus
841 973 939 1036 sacris
965 969 1120 1056 reiigione
1148 967 1266 1035 Graeci

151 1081 276 1161 fuerint,
298 1083 404 1147 facere
426 1104 493 1148 non
514 1086 644 1167 poterit,
667 1086 746 1166 quin
767 1083 820 1147 vel
841 1084 996 1146 minimam
1018 1084 1136 1146 rituum
1157 1082 1192 1144 in
1214 1097 1267 1142 ce·

149 1188 312 1256 lebrandis
332 1190 451 1254 inferiis
473 1188 746 1254 observandorum
774 1194 978 1254 mutationem
1004 1190 1078 1254 illos
1100 1192 1269 1254 maximum

151 1302 240 1366 nefas
267 1299 431 1365 habituros
460 1301 558 1366 fuisse
586 1298 745 1386 intelligat
788 1296 884 1384 Quae
910 1297 1023 1385 religio
1046 1308 1110 1362 tam
1131 1303 1269 1384 propria

88 1400 96 1408 ’
152 1421 202 1481 est
228 1421 359 1476 naturae
387 1412 556 1492 humanae,
584 1421 620 1476 ut
648 1409 734 1495 apud
763 1429 873 1474 omnes
894 1409 1037 1495 populos
1060 1406 1269 1472 animadverti

153 1533 258 1609 queat
303 1523 427 1588 Ulixem
449 1525 543 1610 igitur
566 1544 637 1586 cum
658 1524 692 1585 in
708 1520 799 1585 Orco
822 1518 917 1606 longe
940 1519 1031 1583 aliter
1050 1541 1143 1605 agere
1156 1519 1270 1584 videa-

152 1655 233 1713 mus,
255 1656 349 1720 quam
367 1657 386 1701 e
402 1634 516 1701 Circae
539 1632 686 1699 mandato
711 1653 782 1697 eum
805 1641 948 1695 acturum
972 1651 1042 1695 esse
1063 1628 1268 1695 arbitremur:

154 1744 414 1832 quidreliquum
436 1756 493 1827 est,
515 1749 576 1816 nisi
598 1755 634 1810 ut
655 1743 772 1808 librum
793 1740 994 1806 undecimum
1016 1741 1096 1806 alius
1120 1763 1216 1827 quam
1229 1742 1270 1806 li-

153 1853 249 1931 brum
276 1857 431 1922 decimum
459 1859 599 1922 auctoris
628 1876 698 1920 esse
726 1857 926 1919 censeamus?
962 1853 1141 1918 Discrimen
1163 1862 1268 1917 autem

153 1968 236 2033 inter
257 1980 427 2054 utrumque
449 1968 565 2034 lihrum
585 1963 784 2031 intercedens
806 1985 873 2049 quo
896 1967 993 2050 magis
1015 1975 1176 2051 appareat,
1197 1986 1269 2030 ver-

154 2099 209 2143 sus
232 2083 398 2166 utriusque
419 2075 614 2145 narrationis
632 2079 801 2164 conjuncte
822 2074 1053 2140 transscribam.

155 2233 195 2292 ΙΙ).
210 2235 248 2311 X,
262 2233 323 2294 508
338 2257 380 2314 sq.
423 2233 487 2294 ἄλλ’
508 2229 585 2294 ὅποτ’
606 2223 643 2291 ἂν
664 2228 697 2305 δν)
720 2230 763 2304 νηῒι
783 2226 819 2291 δι’
833 2230 974 2291 Ὠκεανοῖο
996 2223 1119 2319 περήσῃς

299 2330 363 2400 ἕνθ’
384 2373 418 2388 -

421 2443 582 2522 lb.Xl,13
597 2463 640 2523 sq.
682 2441 699 2515 ἦ
726 2437 755 2500 δ’
784 2439 813 2503 ἒς
838 2435 958 2527 πείραθ’
984 2434 1063 2500 ἰ’κανε
1096 2436 1265 2529 βαθορῥόον

970 2545 1113 2606 Ὠκεανοῖο

419 2621 497 2687 ἔνθα
517 2663 551 2676 ¹-

155 2732 196 2792 lb.
210 2733 248 2812 X,
262 2733 323 2794 509
337 2755 380 2814 sq.
401 2767 435 2782 -
456 2724 528 2806 οὶκτῆ
553 2757 584 2793 τε
604 2723 718 2811 λα’χεια
738 2724 786 2792 καὶ
807 2723 902 2793 ἄλσεα
921 2729 1126 2820 Περοεφονεῖης

308 2832 416 2927 μακραῖ
433 2836 456 2898 τ’
478 2831 595 2924 αἴγειροι
614 2828 663 2896 καὶ
684 2827 752 2896 ἰτὲαι
774 2832 967 2925 ὥὶωοῖκοιρποι.

422 2943 462 3004 ΙΙ).
479 2944 531 3020 XI,
550 2940 590 3003 14
604 2964 667 3022 sqq.
691 2976 724 2988 -
754 2931 784 3000 δὲ
812 2936 965 3029 Κιμμερῖων
992 2940 1100 3030 ἀνδρῶν
1125 2937 1211 3017 δῆμὸς
1236 2968 1263 3003 τε

973 3041 1052 3111 πόλις
1076 3074 1107 3109 τε

420 3146 475 3238 ἦὲρι
495 3145 543 3212 καὶ
565 3143 667 3231 νεφὲλῃ
687 3145 900 3222 κεκαλυμμένον
922 3145 987 3213 οὐδὲ
1007 3152 1068 3213 ποτ’
1091 3151 1194 3218 adroic

418 3251 526 3322 Ἠέλιος
547 3249 670 3336 φαέθων
690 3251 891 3345 καταδέρκεται
912 3253 1082 3330 ἀκτίνεσσιν,

421 3351 489 3418 οὔθ’
511 3353 588 3419 ὅποτ’
609 3355 644 3420 civ
666 3359 800 3441 στείχῃσι
824 3358 893 3447 πρδς
914 3360 1028 3448 οὔρανδν
1049 3355 1219 3450 οιότερᾶεντα,

422 3453 490 3522 οὔθ’
518 3457 557 3522 dr’
581 3453 618 3525 eiu
641 3457 661 3524 <i
719 3457 763 3525 ini
789 3469 877 3544 γαῖαν
900 3464 951 3526 ἀπ’
976 3461 1132 3553 οὗρανὸθεν
1149 3455 1257 3555 προτρα-

971 3595 1072 3646 πητοιι·

421 3668 485 3733 ἀλλ’
507 3665 552 3733 ἐπὶ
573 3669 629 3758 νδξ
649 3669 714 3748 diesi
737 3667 849 3735 risurus
871 3671 985 3736 δειλοῖο-ι
1006 3671 1160 3764 βροτοῖσιν.

157 3777 196 3836 ΙΙ).
211 3780 249 3856 X,
263 3777 323 3840 511
331 3799 394 3858 sqq.
417 3782 470 3851 νῆα
489 3767 539 3850 μὲν
559 3777 651 3839 αὐτοῦ
668 3772 768 3839 κὲλπαι
789 3777 832 3839 ἔπ’
850 3776 979 3860 Ὠκεανῷ
998 3775 1161 3862 βαθνδῖνῃ,

301 3878 387 3944 αὐτὸς
408 3877 438 3942 δ’
460 3884 499 3945 εἷς
517 3876 618 3944 Ἀΐδεω
639 3876 706 3944 rivas
728 3876 811 3956 δέμον
832 3882 967 3970 εὐρώεντα

300 3979 376 4044 ἔνθα
396 3977 445 4057 μὲν
466 3989 505 4049 εἷς
523 3980 683 4074 Ἀχέροντα
704 3982 933 4075 Πυριφλεγέθων
953 4015 984 4050 τε
1004 3983 1112 4072 ῥὲονοιν

301 4082 433 4150 Κώκυτός
453 4089 498 4165 θ’,
519 4083 549 4152 δι
571 4089 604 4164 δὴ
627 4089 742 4175 {sapic
763 4086 868 4157 ὕδατος
888 4096 962 4153 ἔστιν
983 4089 1129 4179 ἀπορρώξ·

300 4180 382 4273 πέτρη
405 4213 435 4249 τε
455 4184 570 4272 ξύνει-οἰ·
591 4218 621 4253 τι
643 4189 701 4255 δύω
724 4202 855 4267 ποταμοῖν
876 4188 1040 4281 ἐριδούπων·
