2842 4898
600 344 650 418 33

58 537 139 602 nime
157 530 269 598 videas
291 529 464 594 haerentes.
498 525 603 615 Cujus
619 531 666 595 rei
680 539 801 612 testem,
824 541 860 598 ut
874 532 1183 620 Payue-Knigbtium

60 651 218 723 omittam,
248 641 351 705 habeo
380 643 548 720 Koesium,
586 642 643 726 qui
670 642 825 706 Achillem
854 644 1012 730 aliosque,
1045 647 1180 713 tortasse

60 763 156 823 etiam·
177 752 349 818 Herculem
372 756 554 838 sanguinem
576 750 706 833 bibisse,
729 764 896 839 antequam
912 756 1035 820 Ulixem
1060 779 1180 843 cogno-

60 877 188 932 scerent
211 876 241 929 et
264 865 502 948 alloquerentur
529 863 693 948 deinceps,
725 862 810 931 need
828 862 861 932 ri
880 864 1066 951 σιωπώμενον
1088 869 1180 935 intel-

61 977 223 1065 ligendum
247 998 316 1040 esse
338 975 415 1039 dicit
428 972 492 1059 ⁶⁶).
536 975 653 1059 Neque
677 975 767 1039 aliter
789 978 848 1040 bac
871 976 912 1042 de
934 1000 969 1043 re
989 979 1178 1062 Niizscbius,

62 1094 119 1174 qui
150 1093 210 1153 nisi
239 1087 320 1151 aliae
347 1107 460 1151 causae
483 1096 601 1164 esseut,
630 1107 713 1170 quae
743 1097 845 1152 totum
868 1089 953 1153 hune
976 1089 1016 1154 de
1039 1091 1179 1158 Hercule

58 1199 168 1265 locum
193 1201 427 1284 supposititium
451 1218 520 1261 esse
545 1195 761 1276 ostenderent,
786 1219 823 1261 ex
846 1220 886 1263 co
909 1200 999 1285 quod
1021 1202 1178 1268 Hercules
1229 1247 1231 1250 >

60 1315 241 1397 sanguinem
269 1309 390 1374 bibisse
418 1330 486 1373 non
515 1306 685 1386 diceretur,
715 1321 930 1393 argumentum
959 1324 1070 1378 contra
1092 1314 1177 1380 illius

59 1422 120 1487 loci
157 1425 367 1506 iutegritatem
401 1417 607 1485 derivandum
637 1440 706 1482 esse
735 1429 827 1505 negat
841 1418 904 1503 9⁶),
949 1422 1056 1506 Atque
1090 1436 1177 1490 recte

60 1536 198 1596 sensisse
225 1533 285 1594 hac
314 1531 354 1595 de
382 1552 418 1595 re
439 1535 541 1594 virum
570 1528 785 1593 doctissimum
815 1551 855 1593 eo
884 1534 980 1616 magis
1003 1534 1178 1618 apparebit,

61 1665 132 1706 eum
162 1664 274 1706 versus
306 1644 462 1706 565-600
492 1641 710 1706 deleverimus.
758 1641 841 1704 Tum
870 1645 952 1705 enim
975 1641 1015 1708 de
1038 1645 1178 1710 Hercule

61 1775 209 1838 quoque,
250 1756 307 1838 qui
341 1749 459 1818 statim
475 1753 607 1841 Ajacem
641 1763 809 1836 sequatur,
842 1751 942 1818 verba
975 1755 1177 1843 intelligenda

61 1874 154 1930 eruut
175 1886 205 1930 v.
225 1865 286 1930 541
305 1888 354 1950 sq.

225 2025 254 2082 ui
276 2021 305 2082 δ’
329 2015 415 2084 ἄλλαι
436 2016 545 2105 ψυχαὶ
567 2019 669 2085 νεκύων
689 2020 934 2094 κατατεθνηώτων

226 2117 351 2187 ἕστασαν
372 2121 542 2208 ἀχνύμεναι,
563 2123 661 2216 εἴροντο
684 2119 715 2187 δὲ
735 2121 816 2200 κήδε’
837 2122 952 2202 ἑκάστη.

59 2281 160 2368 Atqui
191 2305 263 2346 cum
291 2283 434 2369 colloqui
461 2287 581 2349 animae
610 2307 681 2349 cum
702 2284 795 2369 Ulixe
822 2293 913 2349 antea
941 2305 1007 2351 non
1034 2300 1176 2374 possent,

61 2415 154 2478 quarn
179 2378 361 2479 sanguinem
383 2395 555 2460 bibissent:
579 2417 617 2456 ea
640 2415 743 2471 exre,
766 2394 853 2478 quod
876 2399 943 2459 sive
965 2400 1176 2484 interrogasse

60 2508 127 2569 sive
159 2504 343 2567 collocutae
371 2523 440 2562 esse
471 2501 626 2578 dicuntur,
657 2503 727 2586 jure
754 2503 822 2571 illas
851 2510 1033 2594 sanguinem
1055 2508 1176 2578 bibisse

60 2614 252 2696 colligimus.
296 2610 377 2673 Nam
400 2633 469 2673 cum
490 2613 554 2696 jam
576 2615 702 2699 saepius
716 2612 769 2700 ⁶⁷)
792 2617 909 2683 dictum
935 2623 975 2684 sit
998 2594 1116 2702 animis,
1139 2635 1176 2690 ut

21 2736 30 2743 “
58 2723 183 2788 Ulixem
208 2731 414 2804 agnoscerent
437 2732 467 2785 et
491 2744 562 2786 cum
578 2744 618 2787 eo
636 2725 905 2812 colloquerentur,
927 2738 1077 2816 sanguiue
1093 2757 1175 2820 opus

59 2855 138 2912 esse,
164 2852 300 2918 cumque
322 2852 383 2895 nos
407 2836 535 2897 omnino
558 2832 592 2897 id
614 2848 717 2901 meute
739 2849 911 2916 teneamus,
934 2861 1000 2903 non
1018 2846 1175 2929 miremur,

59 2943 148 3029 quod
173 2943 213 3006 de
236 2942 367 3022 Achille,
388 2943 496 3029 Ajace,
518 2945 659 3012 Hercule
680 2949 735 3012 illa
758 2958 789 3012 et
812 2948 1008 3033 agnoscendi,
1025 2962 1056 3015 et
1073 2953 1175 3020 collo-

60 3055 179 3141 quendi
207 3053 353 3119 condicio
382 3077 446 3119 non
475 3059 514 3120 sit
537 3061 678 3140 repetita.
725 3058 826 3141 Quod
850 3081 889 3124 eo
913 3062 1035 3126 facilius
1058 3078 1174 3148 poetae

58 3166 286 3244 condonamus,
310 3188 380 3229 cum
404 3165 575 3229 Herculem
599 3165 640 3225 ad
661 3166 786 3227 Ulixem
810 3167 963 3249 (ideoque
987 3170 1026 3231 ad
1050 3178 1174 3256 saugui-

53 3285 146 3360 nem)
177 3281 344 3341 accessisse
368 3279 511 3338 sciamus.
557 3271 631 3333 Hoc
654 3273 737 3334 enim
760 3292 798 3335 ex
818 3272 924 3340 verbis
946 3287 1034 3364 patet
1056 3280 1174 3368 quihus

52 3388 175 3454 abiisse
196 3388 352 3473 Hercules
375 3384 490 3450 dicitur
511 3405 541 3446 v.
559 3381 638 3453 627:
706 3417 722 3472 g
808 3468 811 3473 ¹

181 3537 220 3612 eie
240 3543 322 3609 stude
344 3547 358 3606 ὃ
379 3537 428 3620 μὲν
449 3532 557 3609 αὖτις
577 3537 644 3618 ἔβη·
656 3536 740 3620 δὸμον
756 3537 854 3614 Ἀΐδας
866 3544 949 3612 'siuas
962 3551 1013 3631 ⁶⁸)

132 3825 162 3855 es

132 3825 179 3992 “i
215 3825 236 3975 l.
250 3826 271 3974 l.
288 3827 423 3974 lplol.⁷lll.
444 3935 471 3989 p.
488 3921 550 3970 308.
566 3925 595 3970 et
613 3914 646 3969 ad
667 3911 721 3971 Od.
737 3914 790 3980 xl,
805 3912 858 3969 615
874 3914 914 3989 (p.
930 3918 1017 3987 355).

131 4014 179 4086 ετ)
219 4034 244 4068 γ,
262 4019 297 4074 95
312 4031 354 4084 sq,
370 4014 416 4070 98.
435 4004 485 4067 147
498 4028 559 4082 sqq.
574 4014 636 4063 153.
653 4013 706 4063 228
720 4028 781 4082 sqq.
794 4013 857 4067 390.
874 4010 909 4064 cs.
926 4030 950 4065 v.
967 4006 1003 4066 is
1016 4031 1077 4090 sqq.

127 4108 176 4180 ⁶³)
216 4107 252 4162 cf.
269 4127 295 4163 v.
311 4103 377 4175 1165,
402 4123 459 4180 quo
476 4102 560 4159 simili
583 4104 690 4159 ratione
711 4102 794 4158 rerba
816 4100 872 4166 ἦλθε
890 4106 912 4161 d'
935 4107 972 4162 trel
989 4105 1061 4178 dcxxi
1080 4117 1116 4170 Π.
1128 4115 1170 4170 Ἃ.

41 4209 188 4275 usurpata
207 4208 282 4254 sunt.
1057 4222 1059 4227 '
