2842 4898
785 334 831 410 72

344 522 437 586 Duae
460 523 610 607 imprimis
627 542 688 600 res,
712 541 777 605 quo
801 518 876 594 loco
901 538 1026 584 carmen
1048 516 1128 583 illud
1151 527 1258 584 ortum
1278 524 1369 594 esset,

256 634 379 717 aperire
407 654 505 719 posse
526 632 730 711 videbantur,
753 633 882 695 materia
903 625 1032 700 Νικυίιις
1054 639 1087 694 et
1108 629 1218 694 forma.
1261 631 1370 714 Atque

256 746 385 807 materia
414 744 555 829 quidem,
587 743 677 829 quod
705 753 845 829 poetam,
870 744 934 827 qui,
957 751 993 806 ut
1016 737 1257 806 delectationem
1279 733 1368 804 audi-

257 852 381 940 toribus
405 856 541 936 afferret,
564 858 694 926 maxime
717 863 882 940 spectaret,
907 875 960 918 eas
984 855 1181 938 potissimum
1203 871 1369 939 personas,

258 987 340 1050 quae
351 965 412 1030 illis
429 978 459 1031 et
481 978 576 1032 notae
599 976 705 1031 essent
727 975 758 1029 et
780 975 895 1051 gratae,
918 967 1054 1028 carmine
1077 984 1137 1028 suo
1162 962 1367 1048 descripsisse

257 1076 426 1159 probabile
449 1077 592 1160 est¹⁶²).
638 1075 741 1161 Quod
764 1099 835 1141 cum
857 1079 891 1140 in
913 1080 1018 1141 omnia
1040 1077 1177 1139 carmina
1199 1084 1266 1138 tum
1287 1075 1321 1136 in
1336 1093 1371 1135 ea

258 1184 371 1249 cadere
399 1186 539 1263 videtur,
571 1206 652 1267 quae
667 1205 733 1246 non
755 1187 889 1246 heroum
911 1208 963 1249 res
991 1196 1094 1269 gestas
1125 1185 1285 1265 referunt,
1315 1181 1372 1248 sed

256 1292 381 1357 fabulas
410 1315 522 1357 eorum
550 1314 616 1357 non
645 1294 706 1356 nisi
732 1294 862 1356 strictim
890 1296 1054 1378 attingunt.
1099 1295 1181 1357 Nam
1204 1316 1267 1372 res,
1292 1313 1376 1378 quae

220 1383 221 1386 Ἴ
257 1402 488 1484 describuntur,
511 1415 627 1468 tantam
650 1425 709 1489 per
731 1425 766 1467 se
788 1405 873 1488 ipsas
897 1402 1137 1468 delectationem
1159 1402 1279 1467 babere
1297 1425 1376 1488 pos·

258 1525 341 1594 sunt,
365 1523 489 1580 utnon
512 1538 530 1579 a
553 1514 670 1601 quibus
694 1524 799 1600 gestae
821 1516 893 1592 sint,
914 1512 973 1577 sed
996 1511 1160 1598 quomodo
1180 1513 1372 1580 consideres

257 1626 351 1692 Mera
379 1638 482 1693 autem
514 1648 722 1714 personarum
746 1627 940 1689 enumeratio
970 1626 1008 1688 iis
1030 1633 1151 1688 tautum
1174 1622 1380 1690 auditoribus

261 1749 347 1824 grata
376 1761 446 1804 esse
473 1751 668 1824 acceptaque
695 1750 816 1826 potest,
845 1737 963 1824 quibus
993 1757 1060 1800 non
1100 1734 1200 1800 modo
1229 1739 1370 1822 cognitae

259 1849 332 1914 illae
362 1861 450 1930 sunt,
477 1873 587 1915 verum
616 1853 707 1915 etiam
733 1850 917 1936 populares.
968 1845 1070 1932 Quod
1098 1845 1139 1912 de
1167 1845 1369 1925 auditoribus,

258 1959 342 2024 idem
366 1961 406 2026 de
429 1971 525 2047 poeta
549 1961 641 2026 valet.

350 2075 457 2159 Atque
481 2097 546 2161 quo
578 2075 734 2162 longius'
725 2097 758 2140 ru
781 2073 1011 2140 consideranda
1033 2074 1177 2140 Graecae
1199 2015 1366 2158 poesisbi-

260 2188 357 2248 storia
379 2185 565 2274 recedimus,
589 2209 628 2251 eo
651 2187 760 2272 plures
781 2198 894 2272 poetas
915 2190 948 2250 in
975 2188 1084 2271 patriis
1106 2183 1231 2248 fabulis
1241 2192 1366 2248 maum-

261 2293 310 2359 dis
343 2294 409 2359 lere
442 2272 521 2360 solis
554 2307 731 2382 occupatos
768 2300 952 2361 invenimus.
1009 2295 1126 2380 Neque
1159 2295 1224 2359 boo
1256 2297 1364 2358 mnam.

261 2405 343 2470 Nam
366 2410 590 2492 antiquissimis
612 2406 811 2494 temporibus
835 2430 906 2471 cum
928 2428 1034 2491 neque
1057 2406 1199 2493 singulae
1223 2404 1365 2472 Graeciae
1409 2408 1411 2426 '

262 2519 403 2581 civitates
427 2522 542 2584 arctius
564 2523 646 2584 inter
668 2539 703 2583 se
726 2529 833 2584 essent
855 2521 1054 2604 conjunctae,
1075 2539 1182 2602 neque
1197 2520 1292 2582 unius
1306 2517 1364 2581 stir-

261 2629 310 2712 pis
333 2625 460 2690 fabulae
482 2639 646 2711 poetarum
678 2628 867 2692 carminibus
891 2628 1070 2692 celebratae
1093 2631 1206 2693 ceteris
1230 2626 1365 2694 omnibus

260 2746 325 2802 tarn
346 2746 441 2801 notae
464 2748 578 2818 essent,
601 2749 722 2803 utnon
744 2738 835 2803 aliter
857 2761 952 2824 quam
974 2742 1095 2823 patriae
1116 2737 1320 2804 haberentur.
1338 2712 1411 2863 et}

260 2848 402 2934 singulae
424 2851 565 2915 civitates
588 2873 676 2915 suam
698 2853 924 2936 proprietatem
940 2852 1047 2936 magis,
1070 2872 1164 2936 quam
1180 2861 1294 2935 postea
1306 2820 1411 2913 fieti

261 2969 400 3044 poterat,
427 2960 619 3041 retinebant,
649 2971 681 3026 et
707 2971 822 3047 poetae
850 2964 1022 3026 carminum
1050 2963 1211 3027 materiam
1239 2983 1279 3028 ex
1299 2976 1411 3026 suae

260 3072 361 3156 ipsius
384 3073 483 3157 gentis
505 3070 621 3136 fabulis
644 3071 803 3157 petebant.

353 3181 431 3268 Quo
461 3204 534 3270 erga
562 3187 679 3269 patrias
702 3182 826 3249 fabulas
849 3205 957 3250 amore
986 3195 1020 3250 et
1040 3183 1220 3250 auditorum
1243 3195 1275 3251 et
1295 3202 1365 3270 poe·

262 3302 364 3357 tarum
393 3293 594 3374 factumest,
622 3305 658 3360 ut
685 3305 735 3360 tot
759 3317 872 3360 versus
900 3299 931 3362 in
955 3297 1088 3360 Homeri
1117 3299 1249 3362 carmina
1278 3297 1367 3358 inter

260 3411 471 3487 ponerentur,
494 3407 551 3489 qui
573 3408 689 3489 patrias
711 3405 978 3470 diasceuastarum
1000 3405 1125 3472 labulas
1147 3415 1264 3472 tractan
1211 3398 1365 3484 tantm)

261 3511 378 3596 Neque
401 3510 462 3575 alia
483 3515 606 3578 ratione
629 3512 800 3580 Stesander
822 3515 961 3595 Samius,
991 3521 1046 3602 qui
1068 3543 1178 3605 πρωτος
1198 3516 1224 3584 ἐν
1242 3514 1367 3600 Δελφοῖς
1409 3591 1411 3601 Ι

159 3613 164 3619 ’
261 3620 460 3709 κιθαρῳδῆσαι
487 3616 542 3695 τοίς
565 3624 632 3691 καθ’
649 3623 787 3712 ’Όμηρον
810 3624 927 3712 μάχας
956 3626 1084 3709 dicitur,
1115 3639 1293 3694 commotus
1319 3630 1364 3698 0⁵12
1409 3622 1411 3661 ᾗ

212 3758 215 3771 ¹
265 3743 301 3797 ut
324 3733 365 3799 ab
382 3733 533 3825 Odyssea
555 3736 708 3803 recitandi
730 3736 892 3806 exordium
913 3750 1041 3883 caperet
1055 3737 1137 3827 ¹⁶⁴).
1182 3741 1266 3807 Nam
1279 3733 1364 3804 Ulixis

259 3910 463 3926 m

315 3972 318 3977 ¹
338 4012 400 4087 ¹⁶²)
437 4014 474 4072 c.l
491 4015 614 4072 Nitascb.
630 4015 770 4072 lllelelem.
786 4016 809 4071 l.
826 4034 855 4091 p.
873 4017 934 4074 126.

337 4099 398 4171 ¹⁶³)
434 4103 471 4157 cl.
491 4123 622 4178 suprap.
638 4105 748 4179 9(not.
765 4109 822 4179 17).
844 4102 879 4162 43
893 4127 935 4181 sq
956 4113 991 4164 5³
1005 4128 1046 4182 sq

338 4189 399 4264 ¹⁶)
437 4189 472 4246 cs.
494 4191 597 4249 Athen.
616 4193 698 4255 XIV.
721 4215 748 4270 p.
764 4197 828 4253 638
845 4202 878 4250 A.
896 4197 927 4250 B.
