2842 4898
643 252 716 384 ’''9
774 381 776 385 ,

236 504 383 569 Tertium
411 495 622 585 interpolandi
650 510 750 585 genus
771 495 807 562 id
829 505 886 578 est,
914 519 980 584 quo
1003 499 1069 564 sive
1092 521 1111 564 a
1131 499 1265 586 rhapso-

148 616 197 683 dis
227 620 296 680 sive
330 613 371 676 ab
401 612 469 676 aliis
492 610 607 697 singuli
628 631 740 674 versus
769 608 1014 695 adjiciebantur,
1044 615 1099 695 qui
1122 616 1264 697 quamvis

148 731 299 794 carminis
327 728 478 789 rationem
508 733 539 786 et
565 732 708 785 naturam
736 742 801 784 non
831 720 1009 801 ollendant,
1037 732 1142 787 tamen
1163 728 1264 789 van'as

152 839 198 904 ob
223 859 333 901 causas
355 857 421 900 non
445 845 518 919 apte
541 844 614 898 sunt
637 835 779 918 genuinis
803 831 1060 917 agglutinati¹⁶).

245 950 443 1034 Quamquam
467 967 549 1032 qnae
572 945 676 1009 adhuc
699 943 739 1007 de
755 943 998 1008 Homericorum
1016 951 1185 1010 carminum
1202 951 1265 1012 oriss

152 1064 224 1148 gine
247 1071 277 1124 et
299 1061 401 1124 forma
425 1058 591 1142 disputavi,
615 1077 652 1119 ea
675 1066 762 1119 certo
781 1053 889 1139 aliquo
907 1058 1060 1140 exemplo,
1084 1059 1171 1143 quod
1188 1079 1264 1142 prof

152 1176 314 1258 positurus
343 1193 427 1248 sum,
456 1168 557 1232 multo
582 1170 673 1231 etiam
696 1165 887 1230 luculentius
911 1168 1117 1251 apparebunt.
1162 1168 1264 1254 Quod

152 1283 278 1367 quidem
308 1281 498 1367 exemplum,
529 1302 601 1343 cum
622 1277 752 1342 iliadem
775 1281 876 1341 variis·
899 1279 1088 1344 carminibus
1118 1293 1264 1346 constare

150 1398 209 1457 viri
238 1393 327 1458 docti
355 1405 404 1457 sat
433 1391 691 1469 demonstrarint,
716 1394 758 1452 'ex
781 1388 932 1473 Odyssea
956 1394 1084 1474 sumpsi.
1128 1393 1175 1454 Ex
1194 1398 1265 1455 'omq

153 1504 250 1568 nibus
280 1515 384 1567 autem
407 1503 576 1587 Odysseae
604 1499 692 1564 libris
720 1499 827 1563 nullus
857 1510 916 1578 est,
947 1505 1002 1584 qui
1031 1512 1198 1586 tantopere
1226 1506 1284 1567 sit*

152 1614 450 1698 interpolationibus
473 1612 629 1689 foedatus,
652 1621 850 1696 quantopere
873 1611 954 1676 liber
972 1613 1165 1676 undecimus.
1200 1615 1265 1677 Ne-

155 1747 217 1810 que
239 1748 317 1790 vero
341 1727 405 1791 hoc
427 1728 547 1789 mirum.
593 1725 715 1815 Etenim
738 1726 764 1788 si
788 1726 859 1808 quis
883 1729 1059 1788 accuratius
1083 1724 1155 1789 libri
1172 1725 1265 1811 hujus

152 1847 294 1915 naturam
329 1848 361 1901 et
398 1839 660 1923 compositionem
697 1840 864 1921 reputarit,
899 1839 1001 1899 statim
1032 1836 1266 1919 animadvertet,

152 1946 221 2011 iere
249 1949 372 2012 nullum
401 1971 498 2033 posse
525 1949 671 2026 inveniri,
704 1950 761 2032 qui
788 1956 903 2009 tantam
938 1947 978 2010 ad
1010 1947 1266 2031 interpol-andum

154 2081 261 2123 ausam
284 2058 538 2144 praebuerit¹⁶).
582 2059 664 2122 Nam
688 2060 826 2142 quaein
850 2056 906 2119 illo
930 2055 1013 2119 libro
1036 2060 1116 2121 inest
1138 2059 1268 2121 femina·

154 2191 225 2232 rum
250 2180 281 2232 et
296 2173 435 2233 virorum
459 2173 652 2234 enumeratio
669 2191 859 2254 quamquam
880 2167 985 2252 aliqua
1001 2168 1109 2232 saltem
1126 2191 1162 2232 ex
1178 2181 1267 2255 parte

155 2303 173 2345 a
196 2285 298 2365 primo
321 2281 450 2352 Ntxoi'ar
472 2281 639 2346 conditore
661 2282 805 2373 prolecta
827 2279 961 2358 videtur,
983 2280 1076 2344 facile
1092 2292 1195 2342 tamen
1212 2303 1268 2364 ap-

153 2401 244 2480 paret
270 2406 339 2458 tum
366 2408 435 2457 non
462 2404 566 2456 totum
595 2391 773 2473 catalogum
796 2371 960 2474 genuinum
984 2412 1067 2469 esse,
1096 2400 1162 2452 tum
1186 2410 1268 2474 quo-

153 2502 255 2569 modo
278 2503 351 2564 lieri
374 2491 522 2584 potuerit,
545 2509 582 2564 ut
604 2499 663 2562 alia
687 2509 719 2563 et
740 2502 876 2566 virorum
897 2514 929 2567 et
943 2505 1126 2568 laminarum
1142 2506 1268 2567 nomina

156 2615 310 2699 germanis
339 2610 613 2697 subjungerentur.
660 2609 760 2696 Quod
790 2614 915 2698 quidem
942 2638 1017 2703 ¹cum
1046 2616 1113 2680 aliis
1139 2617 1269 2679 rationi-

153 2723 218 2789 bus
240 2732 347 2808 potest
370 2725 480 2801 evinci,
501 2733 568 2786 tum
590 2720 665 2786 inde
689 2707 971 2810 comprehenditur,
995 2715 1269 2815 quod'llomerica

157 2838 296 2900 carmina
320 2832 483 2898 decantata
513 2855 582 2898 esse
612 2844 643 2897 et
669 2855 728 2920 per
749 2846 846 2901 totam
870 2838 1036 2903 Graeciam
1059 2839 1187 2898 recitata
1210 2855 1268 2898 uo-

155 2945 206 3011 bis
234 2944 383 3010 traditum
412 2955 467 3009 est.
511 2946 593 3010 Nam
616 2941 687 3010 cum
715 2926 867 3034 rbapsodi
890 2970 984 3013 omne
1011 2946 1149 3012 studium
1172 2950 1203 3011 in
1227 2967 1267 3010 eo

153 3062 287 3122 maxime
314 3067 486 3143 ponerent,
515 3068 551 3122 ut
579 3058 702 3144 populo
725 3059 903 3145 placerent,
933 3082 989 3124 eos
1014 3058 1053 3121 ad
1077 3058 1189 3141 populi
1214 3056 1269 3119 de-

155 3167 360 3255 lectationem
397 3171 547 3232 carmina·
564 3170 820 3234 accommodasse
854 3168 1021 3230 verisimile
1055 3176 1110 3229 est.
1168 3165 1270 3249 Quod

156 3280 291 3343 maxime
311 3282 355 3342 ita
379 3276 419 3342 ab
441 3282 479 3343 iis
501 3281 731 3360 instituebatur,
755 3290 790 3344 ut
814 3278 878 3342 loci
902 3281 1050 3365 cujusvis,
1074 3299 1270 3364 quocunque

153 3389 345 3467 recitabant,
373 3380 405 3454 et
433 3391 565 3455 heroum
594 3403 637 3456 et-
653 3393 838 3456 feminarum
868 3392 1023 3456 nobilium
1052 3396 1179 3455 nomina
1203 3413 1270 3454 car-

154 3500 293 3591 minibus
314 3486 522 3568 immiscentes
544 3502 673 3568 illorum
695 3501 820 3566 laudem
844 3504 1062 3588 praedicarent
1079 3501 1141 3586 ¹⁷).

158 3695 162 3705 ¹
233 3678 277 3751 ¹⁵)
315 3700 340 3735 v.
362 3699 386 3736 c.
408 3678 463 3738 od.
485 3680 539 3744 xi,
561 3683 718 3741 157-159;
746 3682 905 3738 sai-3253
927 3669 1087 3734 aas-asu
1108 3672 1269 3734 sos-tom

159 3767 301 3825 602-604.
324 3768 359 3826 al.
381 3769 417 3825 al.
438 3771 474 3826 cl.
496 3771 578 3825 infra.

235 3859 278 3932 ¹⁶)
314 3860 389 3917 Guil.
414 3859 537 3916 blueller.
558 3861 674 3915 Homer.
694 3856 814 3914 Vorscb.
834 3876 863 3929 p.
886 3859 930 3915 79.

232 3951 276 4024 ¹⁷)
316 3950 421 4010 Confer
448 3951 521 4005 iulia
547 3949 617 4025 Cap.
641 3949 694 4002 Ill.
728 3947 765 4003 Ο.
790 3944 915 3999 Muelleri
942 3940 1114 4018 Aeginetica.
1161 3943 1271 4001 Berolin

158 4045 236 4102 1817.
271 4062 301 4116 p.
318 4039 366 4096 ·2l
388 4060 431 4115 sq.
461 4041 588 4096 Litterat.
619 4037 717 4094 Gesch.
744 4035 826 4090 Tom.
853 4036 875 4090 1.
902 4055 930 4111 p.
957 4029 1002 4097 9lt.
1030 4046 1090 4092 not.
1116 4021 1144 4092 d.
1169 4057 1197 4113 p.
1224 4041 1270 4097 95.

157 4144 212 4188 not.
237 4139 264 4188 1.
291 4130 329 4189 Ο.
351 4130 467 4205 Gruppe
503 4130 597 4188 Ueber
620 4128 665 4186 die
683 4124 844 4203 Theogonis
867 4127 914 4185 des
937 4126 1051 4185 Hesiod.
1090 4126 1162 4210 llerl.
1188 4121 1271 4198 tall.

157 4219 463 4297 p.3lsqq.p.12⁰.
585 4223 587 4227 ’
1056 4217 1058 4223 ’
