2842 4898
657 314 735 409 ⁸aa

165 541 166 544 ,
243 494 296 560 Ad
316 493 451 562 verbum
474 493 606 566 λοῖνυτοιν
628 495 719 584 quod
733 499 851 579 attinet,
872 499 975 565 torma
991 497 1092 565 media
1107 499 1264 586 significa-

56 643 59 648 ·
154 609 274 673 tionem
289 607 479 695 comprobat
499 608 633 695 epulas
655 609 907 690 convivandi,
931 610 1059 677 eibum
1078 610 1260 678 sumendi.

154 718 249 805 Quae
276 720 463 807 significatio
490 720 622 806 reliquis
649 718 730 785 loc'is
753 720 901 787 omnibus
924 722 1112 803 affirmatur,
1145 721 1261 807 quibus

152 831 256 895 forma
283 831 377 919 hujus
399 832 491 898 verbi
517 832 622 897 media
649 844 801 920 usurpata
827 831 971 919 est¹⁴⁸).
1016 835 1131 898 Forma
1160 842 1263 897 autem

153 945 256 1007 activa
283 954 433 1028 quattuor
459 944 536 1023 illis,
564 943 681 1030 quibus
708 947 878 1030 reperitur,
903 942 966 1008 loc'
998 941 1073 1028 Ψ)
1108 943 1263 1030 epulum

151 1051 372 1138 praebendi
398 1055 495 1118 babet
515 1057 687 1119 notionem.
732 1056 818 1140 Ergo
842 1053 883 1119 ad
909 1075 948 1120 ea
970 1059 1130 1135 convivia,
1165 1073 1264 1140 quae

152 1162 386 1226 Telemacho
414 1162 670 1247 praebentur,
698 1164 797 1227 verba
824 1163 930 1235 ὃοῖτοτ
952 1161 1033 1235 staur
1055 1164 1190 1234 ὃοίνυτοιι
1212 1186 1265 1231 re-

149 1270 279 1339 ferenda
301 1282 384 1338 sunt.
429 1271 535 1358 Quam
557 1275 742 1345 sententiam
762 1272 862 1340 verba
882 1284 1037 1340 testantur
1058 1299 1088 1340 v.
1108 1280 1172 1343 186
1186 1300 1242 1363 sq:

476 1405 512 1476 ἃς
532 1406 636 1473 ἐπέοικε
658 1406 829 1476 δικοτςττύλον
850 1404 924 1499 ἄνδρ’
939 1408 1103 1493 ἀλεγύνειν·

230 1552 232 1556 -
354 1510 459 1582 πάντες
479 1518 537 1605 γὰρ
557 1511 716 1578 καλέουσιν,

152 1652 298 1719 Verbum
313 1657 395 1719 enim
412 1652 528 1723 κωλύειν
550 1654 739 1720 invitandi
758 1644 1018 1741 significationem
1031 1652 1149 1719 habere
1164 1657 1262 1720 notis-

153 1769 265 1832 simum
289 1777 345 1847 est,
356 1789 483 1852 neque
496 1767 581 1831 bunc
596 1769 820 1832 sententiarum
834 1786 948 1831 nerum
969 1764 1124 1854 ἀλεγύνειν
1138 1765 1262 1832 videtur

151 1876 348 1963 perturbare.
375 1878 555 1943 Nitzscbius
576 1877 703 1963 quidem
722 1877 803 1942 illud
812 1876 945 1943 verbum
963 1876 1117 1967 ἀλεγύνειν
1134 1880 1181 1942 sic
1194 1888 1259 1942 tan-

152 1998 219 2054 tum
235 1992 380 2076 usurpari
397 1986 660 2075 condendit¹⁶⁰),
676 1999 712 2054 ut
726 1987 904 2076 parandi,
926 1987 1001 2054 sibi
1016 1988 1258 2077 procurandi

151 2106 243 2167 notio
267 2103 299 2166 in
322 2122 362 2166 eo
385 2104 472 2166 insit:
496 2099 553 2166 sed
576 2095 722 2166 accurata
738 2099 885 2166 locorum
901 2099 1123 2177 consideratio,
1147 2084 1268 2187 quibus'

151 2212 287 2277 verbum
309 2212 389 2276 illud
411 2215 575 2297 reperitur,
597 2216 631 2276 in
653 2212 744 2276 aliam
766 2215 952 2279 sententiam
974 2233 1035 2278 nos
1059 2215 1144 2300 cogit
1164 2211 1256 2278 disoe-

153 2317 238 2426 dere.
282 2324 365 2390 Nam
387 2343 470 2409 quae
493 2320 558 2388 Od.
573 2320 596 2402 l,
612 2319 677 2392 374
695 2344 742 2409 sq.
766 2333 798 2388 et
818 2323 859 2404 11,
881 2326 943 2390 139
955 2345 1002 2409 sq.
1025 2323 1110 2389 dieta
1133 2333 1218 2392 sunt:

318 2525 322 2532 ·
476 2471 570 2546 ἄλλοις
592 2477 620 2542 δ’
642 2475 797 2563 ἀλεγύνετε
818 2480 917 2546 δαῖτας

291 2621 293 2624 <
356 2583 415 2657 ύμᾶ
435 2577 557 2658 κτήματ’
578 2578 698 2655 ἔδοντες,
719 2579 900 2659 ἆμενβύμενοι
921 2584 997 2648 κοντοὶ
1018 2583 1119 2653 albave.

154 2740 266 2828 quidni
292 2749 411 2805 vertas:
441 2739 651 2826 ‘epularum
679 2739 837 2806 aliarum
864 2721 993 2808 euram
1020 2741 1168 2810 habete
1187 2743 1215 2806 b.
1229 2762 1253 2805 e.

152 2855 243 2920 aliis
265 2852 395 2941 epulis
417 2855 627 2918 intereste?
671 2850 777 2938 Quam
798 2853 1085 2920 notionem‘verbo
1110 2850 1253 2942 ἀλεγύνειν

152 2965 285 3033 subesse
308 2968 401 3029 etiam
420 2966 518 3051 magis
535 2973 678 3051 apertum
698 2963 736 3029 fit
754 2969 849 3031 tertio
869 2964 955 3048 loco,
976 2969 1034 3052 qui
1053 2978 1102 3032 est
1120 2965 1250 3047 vnete

151 3077 250 3162 (XIII,
268 3081 342 3163 22):

479 3211 569 3304 αύτοῖρ
591 3211 687 3278 ἔπειτα
708 3215 783 3293 θοὴν
804 3203 960 3299 ἀλεγύνετε
981 3217 1066 3281 δαῖτα

353 3316 512 3408 ἡμέτερόνδ’
534 3317 677 3385 ἐλθόντες.

150 3459 179 3524 b.
198 3478 225 3522 e.
242 3454 384 3522 deinde
405 3477 499 3520 vero
530 3454 697 3524 subitam
727 3479 883 3523 coenam
907 3434 1048 3526 sumite
1071 3462 1153 3544 (seht
1178 3456 1254 3524 euch

149 3570 232 3638 uach
255 3570 357 3635 einem
379 3566 540 3634 schnellen
562 3567 670 3633 Mahle
692 3590 745 3633 um
767 3569 839 3634 be.
857 3568 917 3635 esst
939 3571 1162 3660 gesehwinde).

227 3782 289 3857 ¹⁴⁸)
327 3781 383 3840 od.
405 3783 429 3849 1,
448 3785 511 3837 νον.
527 3779 590 3844 369.
612 3781 651 3849 11,
671 3775 735 3839 att.
755 3786 818 3836 au.
841 3783 895 3850 111,
914 3782 958 3841 66.
975 3779 1040 3845 tu,
1061 3785 1116 3855 tv,
1136 3791 1180 3842 15.
1196 3786 1250 3838 rae.

150 3874 205 3941 vl,
219 3879 264 3929 so.
290 3873 359 3940 vn,
375 3877 438 3928 νον.
456 3872 540 3939 vm,
554 3868 618 3928 rra.
643 3869 853 3938 1X‚162.557.
877 3873 916 3943 x,
929 3880 956 3936 9.
974 3875 1020 3933 61.
1037 3871 1101 3933 τον.
1116 3871 1180 3934 tar.
1195 3871 1269 3930 toa:

151 3956 215 4021 ttt.
230 3961 358 4031 x11‚ao.
375 3963 536 4030 398‚X111,
552 3961 597 4017 νο.
612 3959 649 4017 al.
663 3960 699 4016 at.

227 4067 289 4141 ¹⁴⁹)
326 4068 360 4124 ΙΙ.
375 4071 429 4137 IX,
443 4073 487 4129 to.
502 4071 614 4140 xx111,
628 4074 674 4132 29.
696 4068 751 4128 Od.
767 4071 821 4140 ΙΙΙ,
835 4077 898 4135 309.
914 4073 969 4143 1v,
983 4079 1012 4130 3.

227 4173 289 4246 ¹⁸⁰)
325 4172 346 4230 l.
361 4172 381 4232 Ι.
397 4174 464 4236 Vol.
477 4176 529 4232 111.
545 4197 575 4253 p.
588 4183 652 4235 218.
673 4178 710 4236 cs.
725 4179 791 4240 vot.
804 4180 830 4237 1.
845 4197 874 4256 p.
892 4183 953 4242 109.
