2842 4898
812 314 861 390 50

275 491 460 570 auditorum
484 504 578 568 animi
600 511 632 568 et
654 509 915 568 converterentur
930 511 962 568 et
976 512 1249 590 praepararentur.
1281 503 1391 591 ltaque

280 637 392 680 versus
419 618 512 694 istos,
541 618 597 700 qui
625 636 798 700 procorum
825 618 1155 685 commemorationem
1184 618 1354 696 continent,
1376 637 1393 680 a

280 728 478 793 diasceuasta
500 727 563 790 huc
584 725 690 790 illatos
714 748 783 791 esse
807 726 957 806 arbitror,
981 729 1037 812 qui
1059 727 1188 807 idonea,
1212 749 1294 813 quae
1314 729 1392 790 vati-

283 843 367 905 cinio
399 838 472 904 data
494 849 575 917 erat,
606 841 776 903 occasione
806 836 848 902 ad
869 860 1043 923 procorum
1065 843 1258 904 mentionem
1279 839 1389 903 facien·

282 951 355 1017 dam
382 973 418 1016 sc
446 952 493 1014 uti
514 970 612 1035 posse
635 951 830 1014 existimaret
875 950 991 1035 Neque
1014 949 1100 1015 aliud
1124 950 1299 1036 quidquam
1322 970 1390 1035 pos

280 1083 365 1125 sum·
379 1058 420 1124 de
442 1059 588 1123 versibus
614 1063 652 1122 iis
681 1059 889 1140 contendere,
919 1063 975 1146 qui
1002 1072 1077 1126 sunt
1099 1061 1140 1126 de
1162 1065 1276 1126 itinere
1297 1060 1389 1126 Uttxn

281 1167 322 1234 ad
344 1169 486 1231 homines
514 1159 540 1231 ol
566 1166 620 1232 uin
643 1162 725 1232 ἴσασι
752 1163 914 1236 θάλασσαι
942 1171 1154 1255 suscipiendo.
1201 1170 1305 1257 Quod
1329 1171 1390 1256 qui·

281 1279 353 1344 dem
375 1275 555 1341 mandatum
578 1286 698 1340 tantum
721 1274 820 1356 abest,
843 1288 879 1343 nt
900 1288 1016 1365 poetae
1038 1283 1079 1343 sit
1101 1280 1254 1365 ejusdem,
1279 1287 1338 1366 qui
1352 1282 1390 1346 ln

281 1391 390 1457 hulam
419 1388 459 1454 de
486 1389 578 1452 Ulixe
607 1390 738 1472 patriam
767 1398 934 1473 appetente
958 1394 1188 1473 composuerit,
1210 1402 1248 1455 ut
1270 1392 1391 1456 nonniri

282 1525 321 1569 ea
342 1504 483 1590 potuerit
506 1510 607 1566 aetate
630 1502 762 1579 exoriri,
785 1521 858 1584 qua,
882 1522 954 1565 cum
975 1496 1085 1563 fabula
1106 1499 1162 1563 illa
1176 1499 1217 1563 de
1230 1501 1387 1587 Telegono

281 1615 479 1687 conformata
501 1622 593 1693 esset,
616 1613 698 1677 hanc
718 1609 871 1697 rhapsodi
893 1608 1057 1677 studerent
1079 1633 1151 1676 curn
1170 1609 1226 1676 illa
1242 1610 1284 1676 de
1298 1613 1387 1677 Ulixis

273 1726 446 1807 ,erroribus
469 1727 663 1812 conjungere
675 1722 685 1756 ¹
698 1722 707 1756 ¹
719 1720 760 1808 ⁶).

729 1905 759 1947 v.
783 1881 952 1949 298-304.

501 2013 553 2079 nul
571 2013 664 2090 Λήδην
685 2006 769 2086 εἶδον,
788 1997 838 2091 τ’ὴν
859 2008 1015 2103 Τυνδαρέου
1037 2009 1212 2104 παράκοιτιν,

449 2119 467 2198 ἦ
486 2122 515 2207 ῥ’
538 2120 592 2183 ὑπὸ
614 2113 762 2206 Τυνδαρέῳ
783 2114 984 2209 κρατερὲφρονε
1005 2115 1118 2202 «γείνατο
1140 2118 1235 2192 παῖδε,

490 2223 498 2247 ι
577 2220 585 2242 t
640 2227 677 2249 ει
731 2220 737 2240 t
886 2219 895 2243 t
948 2222 955 2247 ι
1010 2224 1019 2246 2
1096 2223 1104 2247 ι
1266 2218 1275 2245 t

450 2234 584 2311 Καττορα
605 2225 634 2283 θ
667 2223 828 2297 ιπποδαμον
847 2252 896 2286 και
917 2224 980 2308 nv}
1000 2224 1121 2304 αγαθον
1141 2223 1335 2299 Iloltvdevutoef
1418 2242 1421 2293 l

450 2328 517 2394 ’τούς
538 2322 626 2410 ἄμφω
649 2325 738 2402 ζωούς
758 2327 878 2410 κατέχει
901 2324 1038 2409 φυσίζοος
1059 2322 1124 2390 αἶα·

450 2429 474 2497 o‘l
493 2429 542 2495 nol
564 2428 662 2520 νέρθεν
683 2438 739 2512 γῆς
759 2430 837 2508 τιμὴν
858 2429 926 2519 aptio
946 2429 1031 2502 Ζηνός
1051 2426 1172 2514 ἔχοντες

449 2529 554 2596 ἄλλοτε
575 2529 624 2606 μὲν
645 2531 750 2608 Zoiovo’
771 2530 932 2623 ἑτερήμεροι,
951 2528 1057 2600 ἄλλοτε
1078 2535 1105 2597 δ’
1125 2528 1196 2601 αὖτε

447 2639 600 2699 τεθνᾶσιν·
621 2635 700 2714 τιμὴν
721 2629 752 2698 δὲ
772 2633 942 2721 λελόγχασι
959 2631 1013 2702 ἶσα
1033 2640 1153 2703 θεοῖο-ιν.

284 2803 477 2866 llosversus
496 2817 567 2860 cum
579 2793 866 2881 Payne-Knightio,
887 2794 948 2862 Ad.
960 2797 1143 2863 Hermanno
1159 2797 1316 2888 (ilpll
1327 2801 1378 2882 sq.)
1408 2831 1411 2844 ·

286 2923 317 2976 ct
338 2909 502 2975 Nitzschio
527 2905 749 2989 (llVol.lII.
762 2929 793 2991 p.
808 2905 889 2992 246)
903 2929 964 2992 pro
988 2911 1104 2996 spuriis
1126 2909 1242 2977 liabeo.
1280 2909 1376 2978 Castor
1409 2981 1420 2997 „

285 3025 368 3089 enim
390 3029 422 3084 et
443 3016 558 3082 Pollux
581 3039 653 3081 eum
671 3015 835 3103 Tyndarei
855 3017 915 3083 filii
938 3018 1172 3107 dicantur¹¹⁶)
1195 3032 1228 3088 et
1248 3043 1314 3089 non
1331 3021 1375 3084 Jo

282 3137 331 3200 vis
338 3185 348 3216 ,
382 3127 548 3220 quomodo
579 3150 690 3195 eorum
720 3125 900 3218 ἕτερημερία,
929 3134 1037 3219 cujus,
1070 3136 1098 3197 si
1126 3132 1220 3200 ambo
1248 3132 1376 3200 mortale

284 3255 366 3324 sunt,
388 3242 477 3308 nulla
499 3250 547 3306 est
569 3262 675 3322 causa,
698 3246 938 3308 commemorari
957 3247 1106 3330 potuerit,
1128 3266 1327 3331 nequaquam
1344 3247 1376 3309 in
1403 3310 1420 3351 a

282 3355 460 3441 telligimus.
503 3351 588 3415 Dein
617 3373 689 3416 cum
709 3353 748 3417 ll
758 3353 813 3434 lll,
831 3355 895 3418 238
918 3353 1041 3420 Helena
1062 3376 1098 3420 se
1121 3355 1259 3423 Castoris
1281 3353 1376 3418 Pollu

282 3469 394 3551 cisque
417 3483 561 3530 sororem
583 3461 680 3544 dicat,
706 3473 738 3529 et
759 3474 850 3544 tunc,
881 3463 938 3528 ubi
959 3465 1068 3532 Ulixes
1092 3466 1133 3533 ad
1154 3467 1272 3534 inferos
1293 3461 1377 3554 prod

283 3581 471 3657 cisceretur,
497 3576 530 3639 in
551 3575 632 3640 vivis
661 3585 759 3658 esset,
793 3573 888 3640 ambo
915 3577 967 3641 isti
993 3577 1123 3661 heroes,
1151 3579 1252 3647 Ulixis
1277 3594 1374 3666 aeq&
1409 3592 1420 3644 ἐ

360 3882 422 3956 ¹¹⁶)
457 3880 502 3937 De
520 3877 1016 3955 v.123-125PayneKniglrt.lraecz
1039 3882 1246 3944 Ecommentir
1270 3910 1340 3933 ·····
1350 3893 1373 3908 ”
1406 3915 1414 3921 -

282 3989 339 4028 erse
357 3982 386 4031 et
403 3991 420 4030 a
438 3971 577 4047 rhapsodo
594 3969 704 4027 serioris
728 3969 786 4024 neri
810 3970 927 4027 insertos
945 3973 1124 4030 commissum
1140 3977 1208 4032 natis
1227 3972 1371 4056 probem
1416 4006 1419 4019 ‹

281 4059 352 4118 nihil
369 4061 460 4117 dicam
478 4061 513 4117 de
530 4060 697 4136 digammate
714 4058 839 4135 neglecto
857 4061 887 4117 in
905 4062 960 4130 τοίγ’
981 4061 1071 4116 ἴσασι.”
1088 4092 1116 4106 -

358 4165 420 4237 ¹¹⁶)
457 4186 484 4224 ι.
499 4171 554 4230 299
566 4185 608 4242 sq.
624 4166 661 4224 cl.
677 4166 798 4225 Nitznch.
811 4167 832 4225 l.
847 4167 867 4224 l.
882 4167 949 4229 Vol.
965 4168 1017 4224 111.
1033 4182 1062 4243 p.
1077 4164 1142 4228 213.
