2842 4898
815 338 840 409 o

268 531 416 610 poemata
438 518 609 589 Homerica
636 522 670 588 in
697 525 797 589 unum
825 544 945 609 corpus
971 520 1143 610 redigenda
1164 521 1305 588 studium
1329 522 1388 588 ali-

271 635 361 721 quod
391 647 422 700 et
451 635 625 698 doctrinam
653 632 847 699 adhiberent.
893 634 968 718 Qua
1001 638 1033 698 in
1062 658 1099 700 re
1130 635 1327 701 conficienda
1360 637 1386 698 si

274 751 345 834 quis
368 744 547 833 rhapsodus
571 749 837 830 comparationem
861 744 1016 831 evulgari
1039 745 1194 811 diversam
1218 749 1385 833 proferret,

272 861 328 942 qui
351 859 471 945 singula
502 842 638 921 carmina
657 854 901 943 componebant
929 858 1185 948 sensu'quodam
1210 851 1383 944 pulchritu-

271 967 353 1033 dinis
383 980 415 1033 et
441 970 593 1054 religione
624 972 772 1033 commoti
797 967 935 1031 diversas
963 968 1032 1032 illas
1057 974 1311 1054 comparationes
1336 988 1382 1046 eo,

270 1097 337 1160 quo
361 1089 472 1140 nostro
495 1079 570 1141 loco
593 1081 791 1157 factumest,
813 1077 911 1142 modo
936 1082 1136 1165 conjunxisse
1158 1078 1319 1144 videntur.

358 1183 449 1248 Alter
475 1186 581 1260 locus,
611 1183 651 1246 de
681 1207 747 1268 quo
772 1186 930 1263 disseram,
953 1192 1042 1249 initio
1067 1187 1237 1268 Odysseae
1260 1191 1384 1254 inveni-

268 1304 321 1357 tur
343 1303 439 1379 atque
465 1316 608 1385 magnam
631 1304 662 1358 et
683 1296 797 1379 justam
820 1294 913 1357 nobis
936 1296 1129 1357 mirationem
1148 1306 1263 1389 movet.
1300 1300 1387 1362 Nam

270 1405 361 1493 quod
385 1410 452 1494 jam*
476 1407 528 1472 alii
549 1409 609 1470 viri
638 1402 724 1470 docti
754 1401 1057 1491 perspexerunt,¹⁰)
1086 1405 1183 1466 exitus
1210 1404 1344 1466 'concilii
1371 1429 1389 1470 a

270 1519 330 1584 diis
365 1520 405 1584 de
437 1519 536 1583 Ulixis
566 1517 671 1581 reditu
707 1515 804 1579 habiti
833 1526 864 1579 et
894 1516 1058 1580 Minervae
1085 1515 1144 1576 iter
1180 1516 1212 1575 in
1243 1513 1385 1579 Ithacam

269 1643 461 1717 susceptum,
484 1638 603 1693 tantum
619 1627 717 1708 abest,
732 1637 767 1692 ut
783 1650 854 1690 cum
871 1628 1104 1712 exspectatione
1119 1633 1228 1686 nostra
1246 1645 1382 1690 consen-

270 1745 363 1822 tiant,
391 1753 426 1806 ut
455 1742 549 1826 plane
573 1741 646 1803 huic
669 1742 729 1804 sint
753 1742 917 1826 contraria.
962 1739 1085 1801 Etenim
1109 1757 1299 1826 quamquam
1324 1737 1380 1801 Mi·

267 1871 385 1915 nervae
412 1871 536 1934 preces,
568 1871 650 1934 quae
672 1850 789 1914 Jovem
813 1859 1003 1933 ceterosque
1026 1846 1105 1912 deos
1129 1846 1379 1932 commovebant,

267 1970 304 2024 ut
333 1960 433 2025 Ulixis
466 1944 712 2025 recordarentur
747 1965 841 2046 eique
874 1959 1001 2027 felicem
1026 1962 1059 2023 iu
1087 1959 1219 2043 patriam
1246 1957 1378 2023 reditum

268 2071 401 2157 parandi
430 2071 595 2137 consilium
615 2081 789 2157 caperent,
818 2075 860 2139 ita
887 2081 961 2136 sunt
982 2074 1150 2147 institutae,
1176 2079 1212 2132 ut
1234 2071 1375 2133 auxilium

268 2181 377 2245 subito
407 2205 444 2245 ac
471 2187 573 2247 statim
601 2181 824 2267 praestandum
848 2185 1024 2267 requirant:
1052 2192 1156 2248 tamen
1178 2180 1303 2258 Jovem,
1327 2181 1378 2264 qui

268 2289 455 2356 liberalitate
479 2290 616 2377 quadam
630 2293 754 2356 Ulixem
779 2304 888 2356 contra
911 2293 1054 2375 Neptuni
1075 2295 1153 2355 iram
1176 2313 1211 2354 se
1230 2295 1378 2356 tuiturum

270 2424 340 2467 esse
370 2403 456 2468 filiae
478 2407 680 2489 promiserat,
707 2408 770 2481 tam
793 2407 935 2489 quietum
957 2401 1101 2470 videmus
1123 2411 1220 2487 atque
1242 2405 1377 2482 inertem,

268 2522 305 2575 ut
329 2515 397 2597 ejus
422 2513 510 2595 quod
540 2518 729 2596 promiserat
752 2537 834 2598 pene
858 2514 977 2579 oblitus
1000 2513 1167 2579 videatur..
1197 2515 1317 2599 Neque
1339 2527 1377 2580 ta·

268 2642 340 2685 meu
365 2643 460 2684 causa
484 2643 554 2685 esse
577 2621 642 2685 ulla
663 2624 776 2707 potuit,
800 2642 979 2705 quaecum,
1004 2625 1174 2705 quominus
1189 2624 1377 2691 Mercurium

268 2731 309 2795 ad
335 2730 554 2819 Calypsonem
576 2735 726 2811 mitteret,
747 2730 954 2817 impediverit.
999 2731 1080 2795 Nam
1096 2742 1207 2810 metus,
1229 2754 1272 2797 ue
1299 2740 1376 2802 auxi-

267 2841 346 2908 lium
368 2845 455 2909 Ulixi
478 2843 623 2920 oblatum
644 2844 816 2931 Neptunus
838 2865 932 2929 aegre
953 2843 1059 2923 terret,
1082 2853 1148 2919 tum
1168 2866 1239 2910 cum
1255 2845 1376 2913 Mercu·

267 2954 333 3018 lius
355 2975 391 3017 re
413 2976 489 3018 vera
510 2958 544 3019 in
556 2953 713 3040 Ogygiam
735 2953 869 3029 insulam
891 2953 1165 3041 proficiscebatur,
1188 2958 1295 3022 minor
1315 2978 1374 3025 esse

267 3059 434 3148 nequibat,
458 3066 709 3147 quamprimum
732 3064 876 3129 Minerva
898 3065 1127 3140 adstimulaute.
1171 3066 1238 3135 Sed
1260 3071 1375 3137 nullm

266 3173 348 3239 Jovi
367 3184 484 3240 metum
506 3174 604 3240 luisse
625 3174 724 3241 verba
746 3177 954 3262 patefaciunta

276 3301 482 3316 ᾖ

345 3370 389 3443 ¹⁰)
425 3392 452 3427 v.
472 3391 498 3429 c.
518 3372 604 3429 Paulo
624 3373 690 3429 Beni
709 3372 939 3448 (Comparatione
957 3376 986 3432 di
1000 3377 1084 3432 Hom.
1099 3375 1179 3449 Virg.
1193 3391 1209 3427 e
1221 3373 1373 3451 Torquato

265 3456 386 3520 Padova.
409 3462 489 3521 1607.
510 3458 552 3534 d.)
589 3465 622 3518 P.
646 3465 733 3539 Rapiu
759 3465 959 3535 (observatione
980 3486 1028 3521 sur
1046 3465 1072 3522 le
1091 3473 1199 3543 p'o‘emes
1219 3464 1373 3523 &Home

266 3552 396 3628 devirg.
418 3553 494 3609 Paris
510 3552 590 3615 1669.
619 3559 662 3610 12.
683 3553 731 3611 lat.
753 3555 855 3629 Ultraj.
879 3552 959 3610 rest.
987 3562 1031 3613 10.
1053 3578 1081 3633 p.
1097 3558 1132 3613 36
1147 3575 1207 3631 sqq.
1229 3552 1275 3610 ll.
1287 3554 1372 3627 49.)-

265 3643 340 3702 11οα
359 3645 407 3718 (de
424 3645 615 3720 discrepantiis
633 3646 797 3722 quibusdam
816 3647 846 3702 iu
858 3644 915 3703 Od.
928 3650 1130 3704 occurentibus.
1161 3646 1278 3702 Heluiae
1301 3644 1370 3706 1106

267 3742 295 3791 8.
316 3755 345 3811 p.
358 3742 391 3791 18
405 3737 482 3811 sqq.)
500 3768 527 3781 -·
545 3735 640 3812 Spolu
660 3738 708 3809 (de
726 3750 847 3792 extrema
861 3735 917 3794 Od.
932 3749 1020 3813 parte.
1043 3740 1118 3813 lips.
1136 3738 1216 3793 1816.
1247 3745 1274 3794 8.
1303 3760 1331 3815 p.
1343 3738 1370 3800 91

265 3837 326 3882 not.
348 3827 390 3898 6.)
408 3858 435 3869 -
455 3828 560 3906 Kayser
578 3828 624 3900 (de
643 3829 747 3883 diversa
769 3827 979 3882 Homericorum
999 3827 1162 3885 carminum
1172 3829 1290 3903 origine.
1319 3827 1370 3884 tte·-

266 3915 379 3988 delberg
400 3919 527 3974 18.15.’8.
549 3938 578 3994 ρ.
601 3923 644 3973 11.
664 3948 692 3961 -
719 3917 937 3993 depugnantiam
964 3938 1034 3993 quae
1058 3921 1087 3974 in
1112 3929 1207 3973 nostro
1229 3918 1293 3976 loco
1313 3921 1371 3976 inest

265 4018 357 4073 neque
380 4002 415 4056 G.
435 4008 531 4079 Lange
555 4008 775 4082 (disquisitiones
801 4007 971 4065 Homericae.
996 4010 1028 4064 P.
1049 4009 1073 4062 I.
1095 4009 1275 4080 Argentorat.
1301 4013 1368 4067 1801.

265 4085 295 4144 1.
316 4107 346 4163 p.
364 4091 398 4143 12
411 4095 487 4165 sqq.)
506 4094 591 4161 tollit,
610 4113 701 4170 neque
720 4103 754 4155 0.
766 4097 882 4154 Mueller
900 4097 998 4154 histor.
1013 4092 1369 4161 liu.Gr.vrarislav.1st1.

266 4182 301 4239 0..
317 4178 399 4265 Topa.
421 4180 445 4235 l.
460 4197 495 4255 p.
518 4186 583 4252 101,
601 4202 692 4260 neque
710 4186 866 4248 Nitzscliiua
885 4187 905 4244 l.
923 4184 946 4242 l.
