2842 4898
705 266 847 393 ao¹

250 496 348 584 Quae
378 519 450 582 cum
478 500 520 563 ita
548 521 620 565 sese
649 499 801 581 habeant,
832 520 985 569 summam
1009 506 1092 572 inter
1113 507 1285 579 Herculem

163 620 193 676 et
215 610 343 675 Ulixem
365 608 560 700 intercedere
589 611 822 676 similitudinem
847 635 883 677 ex
906 617 978 699 ipso
1002 617 1145 683 Homero
1169 621 1284 685 intelli-

162 725 253 807 gitur.
303 720 385 805 Quis
408 731 456 786 est
477 724 580 807 igitur,
603 726 659 808 qui
678 724 802 788 Ulixem
824 727 858 788 in
874 724 964 790 Orco
988 740 1165 793 versantem
1188 729 1282 796 nobie

163 830 350 911 Herculem,
381 835 436 916 qui
463 831 547 896 idem
575 837 787 914 sustinuisset,
816 837 849 899 in
876 841 1058 902 memoriam
1085 851 1177 926 neget
1198 839 1283 905 redi-

165 947 257 1029 gere?
278 945 349 1028 quis
372 947 435 1029 qui,
459 965 532 1008 cum
555 946 714 1009 Homerus
738 947 885 1012 Herculis
907 947 1047 1013 fabulam
1071 954 1281 1037 cognovisset,

164 1053 255 1118 illum
276 1075 343 1118 non
364 1053 566 1120 recordatum
589 1078 659 1121 esse
681 1056 777 1143 hujus
791 1061 851 1122 viri
874 1062 1029 1142 opinetur,
1054 1065 1109 1144 qui
1130 1085 1201 1125 cum
1216 1085 1281 1125 ma-

164 1164 283 1244 lorum,
312 1175 348 1229 ut
374 1169 417 1230 ita
445 1165 563 1246 dicam,
591 1188 778 1232 successore
805 1179 899 1253 atque
927 1167 1062 1234 haerede
1089 1171 1282 1257 colloquens

162 1286 223 1340 tam
247 1279 386 1340 eximiam
409 1276 578 1361 praeberet
605 1288 733 1362 tamque
754 1279 947 1361 praeclaram
969 1282 1150 1366 imaginem?
1193 1282 1281 1351 Num

161 1387 321 1458 Homerus
338 1390 443 1472 potuit
460 1399 527 1452 tum
545 1380 613 1452 sine
630 1410 743 1475 magno
759 1392 903 1454 carminis
922 1388 1118 1470 detrimento,
1133 1402 1200 1456 tum
1211 1396 1281 1458 sine

162 1497 364 1562 incommoda
385 1498 565 1564 auditorum
586 1500 791 1564 frustratione
813 1501 877 1567 hoc
896 1499 1092 1585 colloquium
1116 1481 1279 1567 omittere?

252 1607 424 1673 Herculem
447 1620 550 1674 autem
573 1611 791 1697 compluribus
819 1613 881 1698 jam
905 1621 976 1676 ante
999 1612 1173 1675 Homerum
1197 1610 1280 1678 cele·

163 1717 288 1784 bratum
317 1719 414 1785 luisse
446 1719 636 1788 carminibus
665 1746 684 1786 a
715 1733 763 1787 tot
791 1725 866 1786 viris
900 1721 1001 1786 doctis
1033 1720 1279 1788 demonstratum

165 1827 287 1914 est⁸⁴)‚
311 1830 458 1915 equidem
483 1844 517 1897 ut
539 1834 633 1920 hujus
655 1837 700 1898 rei
715 1836 904 1918 repetitione
927 1835 1046 1916 possim
1062 1831 1279 1918 supersedere.

162 1941 262 2025 Atqui
290 1965 363 2005 cum
385 1943 531 2008 Herculis
560 1943 699 2009 fabulam
726 1946 867 2009 Homero
898 1947 1053 2029 cognitam
1079 1943 1177 2009 luisse
1200 1966 1279 2011 con-

162 2061 239 2130 stet,
270 2052 349 2136 quid
371 2064 477 2137 potest
499 2076 569 2119 esse
590 2056 803 2134 verisimilius,
830 2077 924 2139 quam
947 2075 1018 2117 eum
1042 2059 1134 2117 etiam
1157 2056 1280 2119 Hercu-

162 2162 203 2226 lis
232 2162 273 2225 ad
301 2163 420 2227 inferos
449 2165 680 2247 proficiscentis
706 2169 849 2231 notitiam
877 2163 1044 2228 habuisse?
1087 2164 1169 2228 Nam
1197 2162 1281 2229 hano

161 2276 361 2358 potissimum
380 2278 476 2340 totius
491 2275 618 2343 labulee
634 2288 753 2362 partem
768 2275 948 2341 auditorum
963 2278 1085 2340 animos
1100 2273 1279 2341 oblectasse

161 2383 235 2448 iude
263 2395 372 2469 potest
400 2391 554 2472 perspici,
583 2388 674 2471 quod
696 2392 729 2450 in
751 2397 813 2450 tam
835 2388 939 2452 multis
963 2385 1152 2450 carminibus
1176 2385 1277 2449 Grae-

161 2516 276 2559 corum
301 2498 400 2575 epicis
422 2495 517 2557 nobis
539 2493 687 2560 traditum
710 2505 757 2559 est
778 2499 836 2560 iter
853 2496 985 2584 eliquod
1000 2500 1032 2561 in
1048 2496 1170 2562 Orcum
1186 2517 1277 2578 enar-

161 2615 267 2669 ratum
296 2603 393 2666 luisse
407 2599 469 2686 85).
515 2603 619 2688 Quam
647 2609 860 2692 conjecturam
889 2620 1031 2675 nostram
1058 2607 1158 2674 verba
1190 2607 1277 2672 alfir·

160 2725 248 2780 mant
272 2712 402 2790 0Xm,
420 2715 482 2778 623
499 2736 569 2800 sqq.
585 2727 617 2780 et
631 2716 667 2781 Il.
682 2718 770 2799 Vlll,
786 2722 851 2784 362
867 2744 938 2805 sqq.
973 2773 975 2777 .

251 2826 337 2908 Ergo
360 2823 438 2888 haec
459 2825 630 2892 similitudo
647 2832 857 2915 cognatisque
874 2835 956 2896 inter
967 2828 1114 2893 Herculis
1131 2839 1162 2891 et
1176 2828 1276 2893 Ulixis

159 2934 285 3003 labulas
307 2934 504 3002 intercedens
527 2948 612 3003 tanta
636 2951 711 3020 erat,
734 2952 770 3007 ut
792 2951 896 3026 poeta,
920 2962 991 3004 cum
1007 2938 1177 3002 Herculem
1199 2958 1277 3023 pos·

160 3057 208 3112 set
231 3069 304 3110 cum
326 3046 417 3112 Ulixe
439 3048 543 3117 lacere
563 3051 808 3138 colloquentem,
832 3056 977 3121 omittere
994 3051 1058 3116 hoc
1078 3049 1277 3135 colloquium

159 3178 226 3227 non
248 3157 387 3227 deberet.

240 3350 282 3424 ⁸⁴)
318 3353 353 3408 es.
369 3353 476 3429 Heynei
487 3349 570 3409 Obss.
586 3347 619 3405 ad
629 3345 761 3425 Apollod.
780 3348 830 3420 (II.
847 3345 950 3426 lsqq.)
966 3368 996 3425 p.
1010 3353 1130 3427 132sqq.
1148 3346 1272 3407 Nitzselr.
1351 3367 1358 3378 ·

159 3439 364 3498 l.l.vol.111.
381 3463 409 3518 p.
426 3442 488 3497 236.
505 3453 532 3496 et
550 3442 598 3515 qui
617 3441 651 3496 ab
671 3439 723 3495 hoe
741 3438 890 3496 laudantur
906 3443 1057 3517 'lloettigem
1078 3441 1188 3518 Ilithyia
1207 3436 1276 3497 oder

159 3531 204 3586 die
222 3531 311 3587 llere.
333 3553 361 3608 p.
377 3539 410 3588 31
429 3553 471 3608 eq.
492 3531 528 3589 Ο.
544 3531 670 3596 Mueller,
690 3533 757 3590 Dor.
779 3532 816 3590 ΙΙ.
835 3552 864 3608 p.
879 3528 943 3589 182.
964 3532 1098 3602 Uschold,
1111 3531 1275 3589 Gescbiclrte

158 3623 208 3680 dee
227 3626 329 3697 uojan.
345 3625 466 3700 Krieges.
487 3623 590 3697 stuttg.
608 3621 688 3678 1826.
704 3642 732 3696 p.
750 3630 813 3678 111.

236 3717 280 3790 ⁸⁶)
318 3720 358 3774 Ut
376 3721 404 3774 ln
417 3715 518 3774 Νᾶστοις
536 3719 664 3786 (Pausan.
676 3717 712 3771 X.
730 3712 1039 3779 28,11.-29,Ῑ1.-30,2
1059 3712 1134 3782 (coll.
1149 3715 1173 3766 Ι.
1189 3715 1272 3784 2,1).

157 3807 286 3874 Mueller,
303 3807 339 3863 de
357 3808 435 3883 cyclo
448 3807 616 3862 Graecorum
635 3806 722 3880 epiro.
744 3805 819 3878 Lips.
832 3806 912 3862 1829.
928 3822 956 3876 p.
967 3799 1001 3856 dl
1016 3821 1058 3875 sq.
1076 3800 1197 3855 Nitzscb.
1213 3801 1274 3856 Me-

154 3896 250 3954 letem.
265 3900 304 3953 11.
319 3918 348 3972 p.
359 3895 611 3970 32sqq.Welclrer.
627 3896 679 3969 Ep.
695 3893 774 3970 Cycl.
790 3913 818 3967 p.
828 3896 976 3966 2l9eqq.),
991 3892 1018 3946 in
1035 3890 1164 3964 Minyade
1178 3891 1271 3961 (Paos.

153 3988 193 4046 X.
208 3995 257 4057 28,
278 3994 307 4044 2.
323 3987 464 4042 Welclrer.
483 3983 503 4040 l.
519 3983 538 4039 l.
554 4005 582 4059 p.
599 3988 674 4055 255).
694 3985 730 4040 el.
746 3982 887 4037 Welelrer.
902 3981 921 4036 l.
936 3979 957 4036 l.
973 4001 1002 4057 p.
1017 3984 1070 4040 259
1082 3998 1124 4054 eq.
1146 3982 1182 4038 A.
1199 3978 1274 4039 Oza-
1367 4011 1370 4018 ·

153 4098 232 4148 nem,
256 4080 293 4135 de
317 4078 456 4153 frequenti
480 4072 555 4153 apud
572 4085 675 4134 veteres
699 4083 793 4150 poetas
816 4069 931 4129 heroum
951 4071 987 4128 ed
1009 4070 1113 4130 inferos
1130 4071 1272 4132 descensu.

150 4170 241 4229 Paris.
259 4173 344 4231 1839·
357 4199 385 4211 ·
