2842 4898
808 327 854 399 18

269 517 332 600 ptis
355 520 387 576 ot
407 513 476 597 ipse
491 511 643 576 orationis
663 507 789 577 babitus
810 510 990 577 sustulisset
1009 510 1388 600 <od.⁷x1v,363sqq.).

269 627 487 710 Agamemnon
516 622 656 706 denique
685 643 808 685 summo
843 625 914 707 jure
945 622 1051 688 dicere
1087 635 1213 709 poterat
1247 625 1304 706 (ll.¹
1324 625 1382 707 tv,

274 738 337 800 163
354 741 439 820 sqq.)
461 756 495 799 se
518 735 608 812 seire,
632 733 701 797 lore
724 743 759 796 ut
774 733 873 819 Troja
896 736 1045 813 interiret,
1069 739 1189 821 quippe
1213 735 1301 822 quod
1322 737 1384 800 Pa-

270 848 314 912 ris
343 857 374 911 et
397 843 529 931 Trojani
556 844 722 917 nefarium
739 841 925 929 adjuvantes
953 847 1024 930 jura
1048 868 1066 909 a
1088 844 1149 910 diis
1171 851 1291 912 sancita
1315 846 1381 912 ioe-

271 957 398 1021 dissime
420 956 593 1020 laesissent.
638 956 775 1017 Tantum
794 976 874 1019 vero
898 953 997 1034 abest,
1020 966 1056 1021 ut
1078 979 1174 1021 cansa
1196 961 1382 1036 inveniatur,

271 1088 335 1151 qua
364 1075 541 1127 commotus
575 1063 712 1146 aliquam
741 1064 884 1146 Elpenor
913 1065 953 1130 de
975 1067 1075 1132 Ulixis
1104 1066 1146 1132 ad
1175 1067 1304 1134 Circam
1333 1091 1381 1135 rc·

269 1175 338 1241 ditu
361 1176 617 1238 existimationem
637 1170 754 1235 habere
777 1179 925 1258 potuerit,
949 1187 984 1239 ut
1001 1177 1124 1258 Ulixem
1138 1176 1253 1243 Circae
1276 1179 1380 1245 insula

268 1287 537 1373 praeternavigata
560 1306 655 1368 qnam
681 1281 866 1348 brevissima
887 1289 939 1349 via
961 1288 1092 1370 patriam
1115 1308 1186 1350 esse
1208 1293 1385 1373 petiturum

270 1396 437 1462 verisimile
459 1395 562 1459 videri
585 1393 740 1458 debuerit.
1414 1468 1416 1485 Ι

357 1507 441 1573 Dein
465 1506 543 1591 quid
566 1505 676 1585 dicam,
699 1504 789 1591 quod
811 1505 954 1590 Elpenor
976 1509 1054 1592 petit
1078 1505 1118 1570 ab
1137 1506 1239 1584 Ulixe,
1262 1515 1299 1571 ut
1323 1506 1383 1573 sibi

268 1619 425 1690 tumulum
448 1630 556 1705 ponat,
580 1629 620 1697 et,
644 1616 733 1703 quod
748 1620 840 1682 vivus
863 1640 936 1682 cnm
957 1620 1053 1684 sociis
1063 1620 1240 1702 remigant,
1262 1639 1382 1684 remum

269 1735 302 1799 in
325 1753 366 1794 eo
390 1730 547 1795 collocet?
583 1731 670 1794 Num
693 1750 762 1792 mos
786 1739 852 1813 erat
867 1728 1064 1794 Graecorum
1086 1732 1236 1814 cuiquam
1258 1728 1381 1796 velim.

268 1843 346 1907 limo
375 1844 445 1906 viro
479 1837 634 1902 tumulum
668 1837 827 1923 ponendi?
866 1819 965 1923 Quod
998 1843 1130 1924 petitum
1158 1840 1260 1904 altero
1292 1845 1379 1906 etiam

268 1962 444 2037 superatur,
466 1948 556 2035 qnod
577 1961 641 2013 tarn
662 1948 830 2014 ridiculum
855 1960 902 2015 est
918 1960 1013 2037 atque
1028 1955 1178 2037 ineptum,
1201 1960 1237 2015 ut
1251 1952 1379 2038 rhapso-

270 2063 346 2127 dum
367 2066 465 2148 magis
489 2083 583 2146 qnam
606 2061 782 2125 Homerum
805 2058 981 2146 sapiat³¹).
1076 2120 1079 2125 .

360 2174 419 2235 His
441 2193 520 2235 vero
545 2169 586 2234 ab
600 2171 761 2257 Elpenore
784 2171 875 2236 dictis
899 2172 994 2257 quale
1008 2194 1198 2258 responsum
1213 2116 1379 2258 probabile

271 2293 319 2351 est
340 2283 464 2348 Ulixem
494 2280 637 2346 dedisse?
669 2281 780 2366 Longe
808 2280 894 2349 aliud
921 2283 1068 2369 prolecto
1099 2294 1194 2369 atque
1221 2282 1271 2365 id,
1294 2281 1378 2369 qnod

269 2417 367 2459 verso
394 2396 589 2479 octogesimo
618 2395 807 2458 continetur.
850 2392 938 2460 Dicit
965 2396 1047 2459 enim
1074 2393 1205 2460 brevius
1233 2405 1267 2462 et
1293 2397 1376 2463 uiuis

272 2503 423 2590 abrupte:

414 2639 509 2709 sudrei
529 2672 582 2718 rur,
603 2639 624 2707 d
645 2641 776 2720 δυ’πηνε,
796 2640 954 2724 τελευτήσω
975 2674 1007 2710 τε
1026 2642 1075 2710 nui
1096 2647 1180 2738 ἔρξω.

360 2790 461 2880 Quod
483 2791 557 2856 ideo
582 2790 623 2855 ab
640 2792 733 2857 Ulixe
755 2793 873 2858 laetum
887 2792 1021 2874 videtur,
1044 2806 1080 2861 ut
1104 2818 1198 2883 quam
1223 2796 1371 2865 celentur

270 2904 411 2969 inutilem
434 2904 523 2967 illum
544 2903 702 2967 hominem
725 2903 865 2970 dimittat.
910 2904 976 2970 Sed
1000 2905 1118 2973 clarum
1142 2918 1198 2986 cst,
1223 2931 1309 2993 eum,
1328 2906 1372 2997 qut
1411 2923 1414 2982 ἱ

269 3010 329 3081 bos
352 3036 464 3079 versus
493 3014 616 3093 lecerit,
643 3024 730 3077 recte
759 3016 909 3095 sensisse,
937 3039 997 3103 pro
1020 3023 1171 3106 gravitate
1193 3021 1372 3088 narrationis

269 3129 336 3192 fere
365 3129 467 3214 majus
494 3129 630 3212 spatium
660 3146 730 3189 esse
748 3117 984 3214 'consumptum
1009 3117 1140 3218 ‘ltaque
1162 3137 1372 3220 properate
1410 3167 1414 3207 ι

271 3235 311 3300 ad
333 3234 366 3298 id
387 3239 501 3321 ipsum,
525 3236 613 3320 quod
636 3259 753 3300 nervus
777 3248 824 3302 est
846 3245 974 3311 Νεκυῖας
997 3250 1028 3305 et
1050 3265 1185 3323 summa,
1200 3249 1322 3311 veniat.

359 3344 441 3409 Sunt
470 3355 574 3409 autem
602 3366 668 3409 non
696 3349 799 3411 minus
825 3349 1086 3434 reprehendenda
1111 3367 1151 3419 'ea
1171 3349 1290 3432 verba,
1316 3346 1374 3443 qx'?

269 3445 340 3520 bus.
359 3455 457 3520 multa
484 3455 625 3540 Elpenor
654 3467 686 3522 et
714 3458 822 3523 Ulixes
851 3472 1015 3544 praeterea
1043 3465 1193 3532 collocuti
1223 3460 1369 3538 dicuutm.

268 3567 355 3635 Nihil
384 3570 467 3633 enim
488 3578 599 3632 nostra
620 3572 764 3649 interest,
793 3581 897 3637 utrum
918 3572 1129 3667 homuncrdus
1150 3572 1206 3636 ille
1229 3572 1368 3665 loquuta

268 3701 384 3758 neene;
408 3684 502 3744 immo
524 3679 654 3768 longum
677 3684 776 3767 ipsius
800 3680 996 3769 colloquium
1019 3674 1188 3771 molestum
1202 3680 1297 3755 Ulixi
1315 3703 1366 3754 esst
1393 3749 1414 3761 ,

160 3832 167 3845 ·
269 3789 421 3872 debebat,
450 3814 545 3879 quem
572 3795 692 3880 majore
720 3814 792 3855 cum
822 3794 943 3860 Tiresia
977 3795 1186 3887 colloquendi
1222 3798 1365 3867 desiderit

269 3898 396 3987 captum
418 3900 706 4001 luisse‘uerisimile
728 3904 776 3983 sit,
801 3926 894 3990 quam
916 3911 973 3994 qni
994 3900 1084 3974 huuc
1102 3901 1313 3999 praecipuo·
1328 3907 1356 3925 ”
1391 3940 1413 3983 u

343 4177 387 4252 ³¹)
423 4181 460 4239 cl.
476 4181 601 4240 Eustath.
616 4200 646 4258 p.
663 4180 743 4242 167³.
759 4185 821 4242 init.
