2842 4898
699 339 745 410 10

248 520 452 608 Quamquam
479 542 547 588 non
575 521 680 588 solum
707 521 882 610 catalogus
895 521 949 588 ille
972 522 1273 610 interpolationibus

159 644 207 700 est
233 635 458 721 amplificatus,
485 639 710 700 verumetiam
734 633 935 704 aliiNsaor'es
964 635 1031 700 loci
1054 647 1181 716 exstant,
1211 639 1272 721 qui

159 759 213 812 aut
241 748 407 833 rhapsodis
436 756 491 811 aut
518 747 599 826 aliis,
629 732 812 832 neutiquam
839 767 917 810 vero
949 751 1054 831 primo
1084 749 1167 813 illius
1192 747 1271 811 libri

159 860 318 924 conditori
340 859 501 924 tribuendi
522 858 696 925 videantur.
741 857 851 942 Quare
874 861 982 925 nescio
1000 881 1040 923 an
1057 860 1146 924 nulla
1167 861 1273 945 possit

158 973 292 1035 inveniri
312 974 454 1050 materia,
479 993 562 1056 quae
584 981 747 1050 tractetur,
770 967 895 1056 dignior
917 980 948 1034 et
971 969 1011 1036 ad
1034 970 1068 1036 id
1090 970 1181 1056 quod
1196 970 1270 1033 mihi

156 1082 313 1164 proposui
341 1079 619 1143 demonstrandum
649 1085 760 1163 aptior.
805 1081 967 1146 Disseram
999 1085 1093 1166 igitur
1120 1081 1160 1147 de
1195 1081 1273 1146 libri

87 1237 90 1245 .
155 1186 330 1272 Odysseae.
346 1182 504 1245 undecimi
526 1184 671 1246 versibus
693 1192 917 1265 supposititiis,
946 1189 1062 1268 quibus
1086 1196 1272 1258 examinatis

153 1297 242 1361 illum
264 1294 379 1358 librum
401 1291 558 1377 singulare
580 1289 750 1375 aliquando
766 1311 899 1354 carmen
914 1296 1115 1357 constituisse
1131 1295 1271 1365 demon-

153 1407 279 1488 strab03
301 1405 564 1496 paneademque
586 1403 627 1468 de
649 1401 743 1488 hujus
768 1404 911 1469 carminis
933 1405 1034 1491 patria
1054 1405 1226 1490 proferam.

606 1605 812 1617 ———

631 1762 723 1836 Car.
752 1764 785 1836 Ι.

150 1920 210 1985 DE
231 1916 463 2004 ELPENORE
490 1915 721 1983 NARRATIO
744 1915 1097 1982 EXAMINATURv
1062 1919 1107 2002 (v
1123 1918 1187 1983 51-
1172 1924 1265 2010 -83).

660 2056 812 2118 ’urowa
797 2049 952 2114 &nimrim
926 2055 1057 2119 diioui
1043 2055 1157 2174 yrg'y‘rr

634 2205 779 2221 Μ

665 2309 693 2397 §.
721 2311 749 2376 1.

240 2428 373 2517 Fabula,
397 2460 480 2522 quae
496 2434 543 2503 ‘de
557 2436 659 2506 Ulixis
676 2423 843 2501 'erroribus
868 2436 1044 2520 composita
1060 2442 1116 2513 est,
1139 2433 1173 2498 id
1188 2435 1263 2501 milri

151 2552 295 2634 'spectare
317 2547 473 2624 videtur,
488 2559 523 2608 ut
545 2548 706 2631 imaginem
730 2535 881 2630 praebeat
904 2537 1056 2625 bominis,
1085 2550 1142 2631 qui
1164 2549 1263 2612 mulia

150 2662 300 2743 variaque
322 2656 479 2742 pericula,
503 2630 846 2749 quae-eisquominus
869 2655 965 2720 finem
988 2638 1161 2741 appetitum
1186 2684 1262 2725 cou-

151 2781 315 2855 sequatur,
345 2753 548 2862 objiciantur,
579 2772 718 2833 omnium
747 2780 778 2834 et
806 2771 899 2832 animi
927 2779 958 2832 et
981 2747 1125 2854 corporis
1147 2774 1261 2836 virium

152 2885 354 2946 contentione
383 2893 437 2947 aut
454 2884 556 2945 ¹vitare
586 2891 640 2945 aut
668 2880 856 2966 propulsare
886 2892 1028 2946 conetur.
1046 2882 1148 2946 Sive
1179 2888 1260 2948 enim

149 2987 256 3081 fabula
285 2991 338 3055 illa
365 2991 555 3093 desiderium
583 2994 703 3078 patriae
731 2994 797 3055 sive
820 2992 981 3057 humaui
972 2996 1087 3078 ingenii
1110 2993 1260 3059 callidita-

149 3103 211 3168 terri
235 3115 267 3168 et
279 3080 502 3169 lortitudinem
517 3087 590 3168 sive
612 3103 745 3167 hominis
761 3124 834 3190 erga
850 3125 977 3167 uxorem
993 3103 1157 3188 filiumque
1174 3128 1259 3171 amo-

149 3236 215 3280 rem
238 3219 314 3279 sive
334 3215 424 3280 aliam
444 3190 603 3301 quandam
625 3218 772 3280 virtutem
799 3194 952 3280 celebrari
976 3217 1198 3307 existimamus:
1229 3216 1263 3282 id

150 3323 242 3390 lacile
263 3325 454 3432 intelligitur,
477 3324 619 3412 pericula
639 3325 692 3388 illa
708 3347 748 3388 eo
764 3302 850 3388 Ulixi
868 3326 1000 3387 consilio
1017 3328 1163 3404 opposita
1180 3346 1265 3408 esse,

150 3446 186 3502 ut
209 3458 279 3500 eum
302 3447 356 3523 arrt
373 3440 405 3501 vi
428 3439 624 3522 supprimere
647 3458 685 3499 ac
707 3433 842 3520 perdere
865 3444 928 3511 aut,
950 3441 986 3496 ut
1008 3435 1135 3516 patriae,
1158 3433 1263 3502 Pene-

137 3539 252 3634 lopae,
275 3547 395 3614 reditus
419 3546 648 3628 obliviscatur,'
660 3544 714 3632 ⁷⁰)
734 3543 952 3630 voluptatibus
968 3545 1089 3608 irretire
1105 3543 1261 3614 studeant.

150 3663 262 3748 Itaque
290 3660 339 3727 ad.
359 3664 447 3746 prius
470 3660 685 3748 periculorum
708 3680 806 3746 genus
829 3679 867 3720 ca
888 3656 1054 3729 referenda
1076 3667 1148 3720 sunt
1171 3661 1260 3740 mala,

150 3795 233 3857 quae
261 3774 369 3838 Ulixes
394 3771 479 3858 apud
503 3771 656 3849 Cicones,
685 3771 933 3855 Laestrygones,
956 3768 1189 3854 Polyphemum
1215 3775 1261 3836 in-

148 3892 261 3964 terque
284 3884 425 3970 Scyllam
449 3895 480 3949 et
501 3881 687 3970 Charybdin
708 3879 809 3956 subin
832 3882 1017 3964 posterioris
1041 3891 1145 3943 autem
1168 3903 1258 3966 gene·
1302 3870 1304 3939 Ξ

149 3991 193 4053 ris
216 3973 454 4060 sollicitationes
477 4007 644 4077 sunteas,
672 4014 755 4081 quae
777 4015 795 4056 a
818 3991 1022 4079 Lotophagis,
1050 3990 1154 4074 Circa,
1177 3993 1261 4058 Sire-
1302 4050 1304 4079 ,

322 4150 326 4157 .

152 4176 170 4196 -·
226 4185 292 4284 υ.)
308 4219 311 4223 .
328 4187 364 4246 ar.
385 4188 439 4258 rx,
457 4185 495 4253 st
512 4209 574 4267 rqq.
595 4156 635 4262 x,
655 4193 725 4252 aas.⁴
738 4194 793 4264 rx,
813 4199 848 4258 29
865 4212 928 4270 soa·
