2842 4898
712 441 758 511 68

363 674 383 743 d
418 662 473 727 hm
497 633 643 711 mensibu,
661 614 709 679 vel
732 605 829 670 nibus
852 615 927 691 post
948 607 1028 674 illud
1051 633 1123 675 cum
1146 614 1265 679 Tiresia

239 702 342 787 {unuh
382 688 565 831 wrednfflm
582 731 674 794 fuisse
693 713 898 784 arbitremur?
930 718 992 785 Cui
1009 725 1101 787 trium
1114 728 1266 789 mensium

234 798 436 941 aoll⁰i¹¹¹f¹¹⁰w
460 851 526 917 ,pos
550 850 644 897 annos
672 833 920 912 comparaveris,
952 836 1030 918 quin
1057 831 1117 924 adt
1142 835 1263 900 Ulixem

230 919 317 1013 spara
338 912 361 957 ⁸¹
397 960 572 1039 mmm
592 936 690 999 suase
713 935 810 1020 aras,
833 962 900 1006 non
923 942 1092 1011 dubitabis.

222 1029 259 1097 “l
276 1006 394 1179 iffi:
410 1068 491 1150 ,qim
505 1044 674 1128 Odysseae
701 1049 904 1116 undecimum
932 1061 1098 1140 separatim
1122 1079 1192 1122 esse
1218 1058 1264 1122 ia-

296 1226 329 1271 ex
343 1197 383 1261 n‘s
401 1182 473 1255 quae
492 1158 644 1221 hactenus
666 1167 813 1243 tractavi,
840 1171 1027 1251 argumentis
1050 1179 1197 1234 constare
1219 1172 1265 1233 vi-

206 1241 282 1387 Ἥ
317 1288 468 1363 Μῐᾳιιιιιιι
489 1274 550 1344 est,
573 1276 626 1348 ut,
651 1292 736 1355 quae
758 1278 858 1358 prima
880 1277 975 1342 fuerit
998 1278 1174 1365 eademque
1196 1262 1264 1367 ger-

190 1440 268 1505 m,
288 1402 371 1485 hujus
394 1381 464 1447 libri
491 1377 610 1460 lorma,
643 1381 783 1449 breviter
813 1407 975 1471 exponam.
1020 1391 1124 1453 Prima
1158 1403 1266 1456 autem

189 1520 309 1611 “ming
334 1493 457 1577 alicujus
487 1491 656 1578 singularis
689 1495 792 1560 forma
821 1507 874 1561 aut
904 1507 1071 1582 tantopere
1102 1503 1267 1567 immutata

183 1658 249 1717 m„
268 1630 299 1686 ut
315 1604 436 1685 restitui¹
452 1623 587 1689 prorsus
610 1618 757 1693 nequeat,
781 1617 835 1672 aut
849 1618 897 1671 tot
913 1630 950 1673 ac
965 1611 1058 1673 tantis
1074 1616 1263 1677 accessioni-

177 1760 230 1827 ω,
247 1727 362 1795 obtecta
384 1735 453 1780 esse
476 1727 599 1802 potest,
624 1729 660 1784 ut
683 1717 723 1783 ad
746 1741 799 1784 cas
821 1719 1030 1785 removendas
1054 1721 1157 1786 oculis
1181 1745 1261 1809 opus

174 1864 209 1935 ᾖ,
225 1828 404 1911 „authsimis
450 1828 533 1894 Nam
556 1852 629 1896 cum
652 1833 788 1895 carmina
802 1832 972 1896 Homerica
994 1836 1161 1917 separatim
1182 1835 1261 1899 lacta

167 1979 196 2039 ᾗ,
213 1962 300 2017 unam
322 1938 456 2026 aliquod
477 1962 593 2027 poema
614 1945 729 2006 sensim
753 1953 1031 2023 connecterentur,
1059 1944 1138 2008 nihil
1157 1955 1262 2030 potest

163 2063 220 2141 (εἰ
242 2072 312 2117 esse
340 2047 486 2135 similius,
516 2075 611 2138 quam
637 2054 705 2117 sive
730 2053 910 2140 rhapsodos
938 2057 1006 2120 sive
1034 2077 1107 2137 eos,
1134 2058 1190 2140 qui
1210 2055 1260 2120 illa

162 2166 285 2247 c,pruina
300 2162 516 2251 disponerent,
539 2163 580 2229 de
602 2164 725 2245 duritia,
749 2169 924 2251 asperitate,
946 2170 1164 2253 repugnantia,
1185 2162 1256 2253 qu'as

156 2283 281 2355 „sistere
305 2299 342 2342 ex
365 2278 418 2341 illa
442 2279 668 2360 conjunctione
689 2299 820 2342 necesse
844 2288 919 2357 erat,
942 2278 1127 2343 amovendis
1141 2299 1254 2345 summo

154 2410 219 2463 esse
241 2387 350 2455 studio
379 2389 520 2453 annixos.
565 2386 676 2473 Quare
705 2410 746 2453 ne
774 2399 841 2453 tum
868 2388 996 2473 quidem
1019 2394 1176 2456 sententia
1195 2410 1254 2455 mea

148 2499 323 2593 ‚quidquam
353 2500 532 2566 detrimenti
560 2509 703 2585 caperet,
726 2521 798 2563 cum
821 2520 930 2564 omnes
953 2500 1026 2580 loci,
1050 2505 1109 2587 qui
1131 2503 1251 2567 aliorum

149 2614 304 2683 librorum
326 2615 481 2678 rationem
503 2609 630 2689 habeut,
654 2633 725 2674 cum
747 2611 870 2696 reliqua
890 2607 1021 2684 Naeuiae
1042 2625 1134 2698 parte
1150 2615 1249 2679 arctius
1291 2665 1298 2704 ἓ

151 2727 371 2802 cohaererent,
399 2742 494 2808 quam
523 2723 578 2805 qui
604 2720 674 2784 tolli
703 2720 777 2784 inde
805 2724 874 2787 sine
895 2724 1102 2791 incommodo
1125 2732 1250 2813 possent
1287 2775 1298 2815 c

150 2837 352 2925 Quamquam
376 2844 407 2899 et
429 2853 574 2918 germana
596 2832 698 2896 lorma
711 2830 840 2905 Nescius
860 2838 991 2916 restitui,
1015 2847 1047 2902 et
1060 2859 1174 2903 versus
1193 2837 1249 2922 ejm
1284 2900 1287 2917 ,

151 2949 232 3015 ahos
260 2946 362 3012 libros
391 2946 596 3028 respicientes
620 2945 756 3010 convelli
777 2946 870 3011 lacile
893 2959 1023 3032 queunt
1070 2948 1161 3036 Quid
1182 2949 1248 3014 euim
1283 2992 1297 3037 .‚

120 3105 121 3108 =
150 3060 289 3147 impedit,
314 3060 484 3142 quominus
496 3077 623 3119 versum
645 3068 774 3137 sertum,
797 3061 973 3143 septimum,
996 3071 1146 3126 octavum
1160 3060 1249 3148 ejicia

149 3177 239 3241 mus?
272 3170 441 3256 Elpenoris
469 3165 713 3252 descriptionem
740 3168 955 3236 diasceuastae
983 3193 1053 3237 esse
1082 3194 1178 3258 supra
1203 3189 1257 3253 co,
1293 3222 1297 3231 .

150 3290 242 3375 piose
266 3283 453 3370 exphcaturn
477 3290 537 3359 est,
570 3291 601 3345 et
623 3280 722 3346 Ulixis
752 3303 823 3347 cum
845 3281 1042 3349 Phaeacibus
1066 3283 1249 3370 colloquium

149 3418 191 3463 ne
214 3399 236 3460 ii
259 3394 386 3478 quidem
408 3414 589 3479 germanum
610 3391 801 3473 habuerunt,
830 3416 967 3479 quorum
989 3399 1173 3473 sententiae,
1195 3412 1250 3478 qua

151 3505 333 3592 Odysseam
362 3524 459 3568 unum
486 3504 580 3566 unius
603 3512 719 3586 poetae
743 3524 868 3570 carmen
889 3505 1070 3592 perhibent,
1089 3504 1172 3570 illius
1193 3502 1250 3567 loci

149 3619 309 3704 integritas
337 3635 481 3701 magnmn
507 3612 737 3678 firmamentum
760 3615 921 3682 attulisset.
966 3619 1106 3684 Versum
1132 3614 1248 3704 quiden

149 3731 332 3817 vigeshnum
354 3725 529 3792 secundum

272 3830 364 3921 ᾔομεν,
385 3833 451 3924 ὄφρ’
474 3838 503 3900 ἒς
524 3841 622 3921 χαῖρον
643 3829 818 3913 ἆφικέμεθζ
839 3828 868 3897 dv
890 3833 984 3925 φράσε
1005 3834 1103 3927 Κῖρκη.

150 3965 209 4026 etsi
231 3982 298 4027 non
320 3961 366 4024 sic
387 3978 557 4045 possumus
580 3956 734 4035 omittere,
756 3964 868 4037 tamen,
892 3980 963 4023 cum
985 3959 1118 4025 tlumina
1134 3982 1153 4026 a
1168 3956 1245 4027 Circe

150 4080 394 4137 commemorata
404 4071 559 4157 respiciat,
573 4087 610 4132 ex
621 4066 866 4153 interpolatione
880 4067 1035 4138 oriundus
1046 4068 1188 4141 videtur¹
1197 4064 1245 4149 “l

227 4291 288 4366 ¹⁸⁹)
324 4292 360 4349 cs.
376 4310 404 4366 p.
421 4291 466 4350 62.
