2842 4898
583 317 633 392 45

517 630 609 735 Cael
637 661 707 735 ΙΙΙ.

76 842 300 929 nunonis
332 843 516 913 nnnrnz
545 787 960 908 rnrnnromnonns
994 844 1144 909 annni-

512 949 708 1012 nenena.

454 1140 456 1145 ,
543 1107 584 1149 σνΊν
598 1105 663 1153 ἄλλος
674 1108 709 1159 μὲν
721 1107 867 1165 ἀποφθίσθω,
882 1106 947 1153 ἄλλος
959 1108 995 1158 μὲν
1008 1107 1087 1158 βιώτω.

870 1188 893 1227 n,
903 1189 955 1238 vin
968 1182 1015 1229 429.

144 1407 220 1471 Hoc
247 1406 343 1468 tertio
371 1404 472 1487 capite
502 1398 543 1464 de
569 1400 699 1486 reliquis
721 1398 850 1470 Νεκυίος
870 1401 1016 1466 versibus
1044 1404 1082 1465 iis
1105 1400 1169 1466 dis-

58 1516 197 1603 putabo,
228 1536 311 1598 quos
337 1513 376 1577 ah
404 1514 545 1592 Homero
575 1513 739 1597 proiectos
769 1535 838 1577 esse
866 1534 971 1598 neque
1001 1512 1068 1576 aliis
1094 1516 1169 1583 viris

60 1628 165 1693 doctis
190 1647 298 1709 neque
324 1624 397 1687 mihi
424 1627 485 1709 ipsi
503 1645 700 1716 persuasum
726 1634 782 1687 est.
827 1625 942 1708 Neque
964 1646 1042 1688 vero
1065 1646 1115 1687 me
1138 1602 1171 1688 in

60 1740 270 1824 supposititiis
300 1735 383 1800 illins
416 1734 489 1798 libri
515 1735 661 1813 versibus
690 1734 900 1799 examinandis
928 1739 975 1799 uti
1009 1757 1092 1820 opus
1124 1745 1172 1799 est

59 1850 154 1935 longa
177 1860 273 1933 atque
297 1851 429 1933 copiosa
452 1845 681 1932 disputatione,
711 1844 800 1931 quod
825 1869 895 1909 cum
920 1847 960 1909 ad
983 1847 1063 1911 alios
1085 1851 1172 1912 viros

60 1983 193 2048 possum
220 1981 414 2045 provocare,
444 1962 500 2041 qui
521 1981 630 2023 versus
660 1958 786 2041 aliquos
815 1956 1009 2023 adulterinos
1032 1981 1102 2022 esse
1125 1968 1173 2021 sat

61 2072 326 2148 demonstrarunt,
348 2079 414 2132 tum
429 2069 698 2153 interpolationes,
722 2090 804 2154 qnae
820 2068 1031 2132 recensendae
1046 2076 1173 2148 restant,

62 2185 215 2246 momenti
244 2190 317 2245 sunt
342 2183 381 2244 iis
408 2183 557 2259 minoris,
582 2203 663 2266 quae
686 2181 854 2265 Elpenoris
877 2178 1088 2264 Herculisque
1117 2172 1173 2243 de-

60 2297 268 2378 scriptionem
291 2292 552 2378 complectuntnr.
598 2292 672 2376 Qua
694 2297 726 2356 in
748 2313 784 2355 rc
805 2295 848 2356 ita
866 2290 1029 2369 versabor,
1052 2301 1087 2354 ut
1110 2293 1174 2352 sin-

61 2405 154 2491 gulos
176 2427 299 2482 versus,
322 2404 362 2468 de
386 2403 504 2485 quibus
528 2401 742 2494 disserendum
762 2407 809 2482 sit,
832 2400 1006 2466 secundum
1023 2400 1173 2478 ordinem,

62 2537 159 2601 quem
187 2517 220 2574 in
246 2510 361 2597 Νεκυίᾳ
390 2519 576 2593 sequantur,
604 2513 769 2594 proferam.
815 2517 921 2600 Atque
955 2512 1048 2599 quod¹
1078 2534 1175 2597 supra

62 2625 128 2688 dixi
144 2619 227 2702 ¹⁰⁵),
252 2644 289 2684 ex
311 2620 456 2685 omnibus
481 2621 649 2706 Odysseae
672 2623 759 2690 libris
782 2627 903 2692 nullum
927 2648 1005 2704 esse,
1029 2628 1083 2711 qui
1106 2636 1174 2688 tan-

59 2748 175 2820 topere
193 2736 233 2796 sit
250 2732 548 2816 interpolationibus
565 2734 720 2814 foedatus,
737 2719 935 2824 quantopere
953 2737 1033 2800 liber
1045 2735 1175 2799 undeci-

59 2869 140 2923 mus,
162 2844 195 2909 id
216 2846 346 2907 maxime
362 2843 426 2908 hac
445 2847 536 2907 tertia
558 2849 742 2930 quaestione
757 2859 844 2927 recte
863 2871 880 2912 a
896 2869 946 2912 me
965 2847 1082 2911 dictum
1104 2866 1175 2910 esse

60 2943 252 3044 apparebit(

147 3072 287 3136 Primum
311 3080 413 3134 autem
436 3070 477 3136 de
499 3096 550 3136 vv.
567 3072 694 3140 38-45:

417 3190 456 3253 ΐῦ

227 3188 336 3270 νύμφαι
357 3195 380 3253 τ’
402 3191 498 3268 ἦψεοί
516 3220 547 3254 τε
562 3191 741 3270 πολύτλητοί
757 3225 787 3259 τε
809 3193 936 3285 γίροντες

227 3293 406 3384 παρθενικαί
422 3298 445 3358 τ’
467 3291 571 3360 eirena}
593 3299 748 3365 νεοπενθέα
769 3302 865 3372 &endu
886 3298 1027 3386 ἔχουσαι·

227 3396 328 3462 novel
350 3401 380 3462 δ’
395 3399 546 3491 ¹odrce'pevor
568 3403 745 3493 χαλκήρεσιν
767 3407 917 3490 ἐγχείῃσιν

229 3498 331 3590 ἄνδρες
352 3501 510 3593 ἀρηίφατοι,
530 3505 737 3597 βεθροτωμὲνα
758 3508 858 3592 τεύχε’
880 3509 1014 3596 ἔχοντες·

232 3603 256 3670 cl
276 3605 375 3672 πολλοί
395 3607 455 3699 περί
469 3608 591 3700 βόθρον
612 3611 729 3702 ἐφοίτων
751 3607 881 3676 ἄλλοθεν
903 3609 992 3702 ἄλλος

230 3712 374 3796 θεσπεσίῃ
396 3721 484 3797 ἰαχῇ·
506 3710 552 3788 ἐμὲ
574 3708 605 3776 δὲ
626 3713 741 3799 χλωρόν
763 3709 824 3778 δέος
844 3711 909 3800 ᾕρει.
983 3781 985 3784 y

67 3861 147 3925 quos
171 3864 245 3906 eum
266 3841 429 3906 veteribus
453 3845 568 3906 criticis
592 3841 646 3923 (ci.
659 3839 765 3904 Schol.
779 3838 820 3922 Q.
841 3839 993 3926 etVulg.)
1028 3840 1177 3907 Wolfius

67 3961 97 4017 et
117 3954 300 4019 Nitzschius
328 3972 389 4040 pro
413 3952 620 4036 supposititiis
642 3949 836 4032 habuerunt,
865 3951 1082 4020 confitendum
1103 3955 1179 4022 mihi

139 4190 205 4264 ¹⁰⁵)
243 4188 282 4248 cl.
302 4193 369 4264 p9.
