2842 4898
701 328 725 400 1

153 519 225 603 ipso
253 513 379 603 populo
407 516 489 581 lacta
512 507 553 577 et'
569 511 722 596 protecta,
737 510 770 594 ⁷)
794 534 813 577 a
833 515 1004 600 rbapsodis
1024 522 1163 601 recitata,
1188 521 1272 587 mul-

154 638 206 693 tos
230 649 330 694 annos
352 629 503 690 memoria
525 633 646 687 tantum
668 626 893 707 comprehensa
909 650 981 693 esse
997 631 1139 712 arbitror,
1164 632 1274 697 donec

154 741 307 805 Pisistrati
329 759 405 800 cura
427 736 537 799 litteris
560 735 783 799 mandarentur
806 740 868 801 et
859 759 892 802 in
916 760 1014 805 unum
1039 766 1156 831 corpus
1179 744 1274 809 colli-

143 861 304 938 ‘gerentur
319 847 359 931 ³.)

243 961 349 1043 Qua
339 976 371 1020 m
393 977 430 1019 re
454 968 602 1022 auctores
626 980 746 1045 sequor
768 971 799 1024 et
821 971 975 1046 patronos
997 963 1153 1031 Carolum
1170 968 1271 1031 Lach-

152 1090 299 1135 mannum
321 1076 353 1129 et
376 1066 602 1130 Godoiredum
625 1071 855 1151 Hermannum‚
880 1075 965 1136 viros
989 1074 1192 1156 clarissimos,
1218 1078 1272 1166 qui
1299 1069 1300 1072 ¹

152 1165 282 1246 lliadem
304 1176 409 1240 multis
433 1174 623 1238 carminibus
648 1189 793 1238 constare
809 1184 996 1261 argumentis
1012 1185 1254 1266 ostenderunt‚⁹
1259 1193 1272 1271 )

154 1292 271 1380 quibus
293 1287 372 1375 quid
395 1289 518 1373 opponi
540 1288 641 1370 possit
657 1283 803 1368 equidem
819 1288 963 1346 nesciam.
996 1286 1109 1368 ltaque
1122 1313 1195 1354 cum
1215 1319 1274 1361 su.

154 1403 326 1494 persedere
348 1403 467 1489 possim
490 1398 584 1484 longa
607 1391 1119 1481 argumentorumenumeratione,
1143 1400 1274 1482 quibus

157 1516 272 1581 ductus
295 1516 376 1577 banc
398 1504 581 1575 sententiam
605 1505 764 1590 amplexus
781 1509 848 1583 sim,
872 1504 938 1570 duo
954 1505 1023 1570 sola
1038 1508 1200 1590 proferam
1219 1534 1271 1576 ar-

156 1637 318 1716 gumenta,
345 1643 427 1709 quae
454 1619 495 1684 ad
528 1640 596 1702 eam
624 1617 873 1682 confirmandam
905 1617 989 1682 haud
1022 1617 1153 1701 paulum
1189 1643 1269 1688 con.
1298 1626 1300 1635 ⁴

154 1741 279 1908 fer[mlii
307 1841 412 1908 Iliadis
441 1843 522 1905 enim
549 1839 634 1905 bbro
662 1839 805 1904 secundo
834 1840 930 1906 locus
955 1839 1052 1925 aliqui
1078 1842 1176 1920 inest,
1213 1847 1264 1930 qui

92 2045 94 2050 ρ
155 1960 214 2024 etsi
240 1966 375 2044 propter
402 1951 666 2042 pulchritudinem
694 1950 736 2014 ab
768 1951 916 2027 omnibus
943 1953 1010 2016 iere
1038 1955 1262 2036 interpretibus

156 2075 265 2137 eximie
287 2067 544 2158 praedicabatur,
572 2075 675 2129 tamen
696 2085 758 2128 nos
781 2074 928 2128 accurate
951 2062 1187 2129 considerantes
1207 2085 1259 2127 vc-

154 2180 317 2243 bementer
342 2179 498 2241 offendat:

244 2287 315 2349 455.
357 2279 424 2358 ἠΰτε
445 2287 500 2365 πῦρ
521 2276 635 2355 ἀΐδηλον
656 2277 804 2364 ἐπιφλέγει
826 2277 1042 2358 devorantibns

357 2379 451 2474 οὔριον
471 2385 499 2445 ἒν
519 2393 655 2472 κορυφῇς,
674 2381 784 2449 ἕκαθεν
805 2383 835 2449 δι’
856 2415 887 2448 τε
909 2384 1038 2467 φαίνεται
1060 2382 1158 2469 adyti·

357 2482 396 2555 tie
414 2493 469 2548 ‘coir
489 2485 648 2575 ἐρχομένων
667 2490 725 2553 aiod
748 2499 868 2573 χαλιωῧ
886 2492 1053 2555 θεσπεσίοιο

322 2626 324 2630 “
355 2588 443 2673 αἴγλη
464 2588 668 2719 remandarem
688 2592 715 2653 δι
735 2589 861 2678 ἀἰθέρος
881 2595 995 2678 stipando
1013 2591 1081 2657 ἷκεν.

398 2691 555 2767 τῶνδ’,
532 2695 628 2760 ωςτό
614 2691 734 2782 ὅρνῖἓων
754 2722 807 2756 πε·
808 2701 892 2766 εηνῶν
912 2692 1004 2758 ἔθνεα
1024 2696 1131 2770 ronnei,

247 2794 495 2888 460.q(‚r1vuitn
514 2794 640 2886 γεράνων
660 2828 676 2874 η
697 2798 805 2862 κύκνων
827 2798 1057 2889 δουλιχοδείρων,

357 2904 443 2987 'Aeliu
465 2906 493 2966 iv
512 2911 634 2978 λειμωνι,
653 2900 785 2993 Kadcrp'
772 2930 813 2966 ιον
835 2900 909 2985 ἄμφι
929 2900 1035 2995 ῥὲἓριιε

155 3030 361 3049 ,,,,..-......

229 3103 256 3172 ’)
296 3099 383 3169 „cte
405 3100 531 3176 per-cib
524 3120 532 3155 ι
558 3099 651 3174 popoli
677 3098 750 3175 greci
774 3110 887 3156 colante
911 3100 1053 3157 contesero
1076 3099 1149 3159 della
1174 3102 1260 3163 dilui

154 3195 280 3268 (Ornero)
299 3195 400 3269 patria,
419 3193 441 3247 θ’
459 3190 468 3246 Ι
487 3189 589 3246 vollero
608 3191 686 3265 quasi
706 3191 771 3246 tuni
790 3189 833 3245 lor
851 3192 1000 3254 cittadino;
1022 3194 1121 3269 perche
1140 3199 1193 3252 essi
1215 3214 1260 3272 po·

152 3283 211 3363 poli
230 3284 303 3358 greci
320 3284 424 3340 surono
442 3282 529 3354 quest*
544 3280 682 3339 Omero.“
721 3280 755 3335 G.
777 3282 848 3340 Vico
873 3283 992 3357 principi
1010 3285 1038 3338 di
1057 3286 1155 3338 scieoz.
1179 3305 1257 3342 uuor.

154 3372 257 3450 Nepoli
269 3378 349 3434 1811.
358 3369 424 3427 vot.
436 3371 487 3424 111.
501 3389 533 3443 p.
540 3375 586 3424 38.
596 3368 819 3427 cbexcellentem
838 3372 890 3426 bac
909 3375 943 3428 de
961 3371 1200 3446 »conpositionem
1216 3372 1259 3431 viii

152 3465 228 3522 docti
251 3457 495 3536 Dugas-Montbel.
522 3456 635 3512 histoire
658 3459 706 3513 des
729 3461 833 3533 poesies
851 3461 1043 3538 Homeriques.
1080 3461 1160 3517 Paris
1183 3471 1254 3521 1831.

175 3553 240 3611 ,86
259 3572 335 3629 seqq.

152 3574 173 3633 p
229 3645 257 3721 ⁸)
293 3642 329 3701 ci.
346 3637 435 3697 Wolf.
453 3635 588 3713 Prolegg.
609 3656 638 3713 p.
659 3635 766 3697 CXLII
783 3659 846 3717 sqq.
870 3640 1130 3719 Dugas-Montbel.
1151 3642 1173 3699 l.
1196 3645 1254 3720 bp.

152 3716 172 3790 6
188 3753 251 3812 sqq.
277 3735 323 3792 Pr.
340 3727 455 3796 uinciri,
473 3728 520 3784 die
533 3729 779 3784 Alexandriniscbe
797 3731 953 3789 bibliotbcls
973 3745 1025 3788 etc.
1058 3733 1253 3793 Brcslau1838.

152 3832 180 3883 8.
204 3823 292 3899 ejusd.
314 3821 490 3879 corollarium
507 3819 701 3893 disputationis
720 3819 753 3873 de
772 3820 840 3877 bibl.
862 3823 977 3879 Alexdr.
1006 3824 1085 3879 Bono
1108 3822 1192 3882 1810.
1217 3823 1240 3881 1.

156 3917 160 3923 ’
227 3912 254 3985 ’)
291 3912 464 3980 Lachmann,
485 3911 601 3978 „Ucber
619 3909 663 3964 die
682 3908 767 3964 ltins‘
788 3910 832 3966 inc
854 3911 994 3968 Abbandl.
1016 3914 1064 3967 der
1083 3914 1252 3973 Academd

151 4002 201 4061 W
217 4022 252 4059 zu
271 4003 363 4059 Berlin
382 4004 478 4059 eusd.
498 4001 603 4060 debren
623 4003 694 4059 1837
712 4010 741 4055 et
760 4000 889 4057 1811.-
907 4002 1253 4063 cinomannensis
1299 4043 1300 4047 =

150 4093 338 4175 polationibus'
358 4091 485 4148 Homeri.
523 4092 633 4168 lipsiae
651 4096 732 4177 1888.
761 4085 788 4149 1.
817 4093 854 4150 de
875 4091 980 4196 iteratis
1002 4092 1078 4167 apud
1096 4094 1251 4158 Homero}
1292 4121 1300 4162 ι·

150 4187 221 4246 ibid.
248 4181 329 4244 1810.
354 4177 384 4240 1.
