<?xml version="1.0" encoding="UTF-8"?>
<!DOCTYPE html PUBLIC "-//W3C//DTD XHTML 1.0 Transitional//EN"
    "http://www.w3.org/TR/xhtml1/DTD/xhtml1-transitional.dtd">
<html xmlns="http://www.w3.org/1999/xhtml" xml:lang="en" lang="en">
 <head>
  <title>
</title>
<meta http-equiv="Content-Type" content="text/html;charset=utf-8" />
  <meta name='ocr-system' content='tesseract 3.04.00' />
  <meta name='ocr-capabilities' content='ocr_page ocr_carea ocr_par ocr_line ocrx_word'/>
</head>
<body>
  <div class='ocr_page' id='page_1' title='image "./quaestioneshome00lauegoog_0095.png"; bbox 0 0 2842 4898; ppageno 0'>
   <div class='ocr_carea' id='block_1_1' title="bbox 696 323 751 395">
    <p class='ocr_par' dir='ltr' id='par_1_1' title="bbox 696 323 751 395">
     <span class='ocr_line' id='line_1_1' title="bbox 696 323 751 395; baseline 0 0"><span class='ocrx_word' id='word_1_1' title='bbox 696 323 751 395; x_wconf 52' lang='lat'><strong>62¹</strong></span> 
     </span>
    </p>
   </div>
   <div class='ocr_carea' id='block_1_2' title="bbox 152 496 1276 3601">
    <p class='ocr_par' dir='ltr' id='par_1_2' title="bbox 153 496 1276 2921">
     <span class='ocr_line' id='line_1_2' title="bbox 160 496 1275 595; baseline 0.002 -21"><span class='ocrx_word' id='word_1_2' title='bbox 160 503 349 574; x_wconf 84' lang='lat' dir='ltr'><strong>Cimmerios</strong></span> <span class='ocrx_word' id='word_1_3' title='bbox 368 526 388 570; x_wconf 90' lang='lat' dir='ltr'><strong>a</strong></span> <span class='ocrx_word' id='word_1_4' title='bbox 404 501 502 572; x_wconf 84' lang='lat' dir='ltr'><strong>Circa</strong></span> <span class='ocrx_word' id='word_1_5' title='bbox 518 503 601 572; x_wconf 87' lang='lat' dir='ltr'><strong>male</strong></span> <span class='ocrx_word' id='word_1_6' title='bbox 618 509 858 594; x_wconf 84' lang='lat' dir='ltr'><strong>praetennissos</strong></span> <span class='ocrx_word' id='word_1_7' title='bbox 873 496 959 589; x_wconf 77' lang='lat' dir='ltr'><strong>esse,</strong></span> <span class='ocrx_word' id='word_1_8' title='bbox 981 526 1119 595; x_wconf 90' lang='lat' dir='ltr'><strong>quorum</strong></span> <span class='ocrx_word' id='word_1_9' title='bbox 1137 531 1275 576; x_wconf 88' lang='lat' dir='ltr'><strong>comme-</strong></span> 
     </span>
     <span class='ocr_line' id='line_1_3' title="bbox 160 619 1273 707; baseline 0.003 -24"><span class='ocrx_word' id='word_1_10' title='bbox 160 621 307 698; x_wconf 85' lang='lat' dir='ltr'><strong>moratio,</strong></span> <span class='ocrx_word' id='word_1_11' title='bbox 330 640 402 682; x_wconf 89' lang='lat' dir='ltr'><strong>cum</strong></span> <span class='ocrx_word' id='word_1_12' title='bbox 424 620 457 682; x_wconf 94' lang='lat' dir='ltr'><strong>in</strong></span> <span class='ocrx_word' id='word_1_13' title='bbox 479 620 622 707; x_wconf 89' lang='lat' dir='ltr'><strong>ipsorum</strong></span> <span class='ocrx_word' id='word_1_14' title='bbox 643 622 804 684; x_wconf 89' lang='lat' dir='ltr'><strong>territorio</strong></span> <span class='ocrx_word' id='word_1_15' title='bbox 827 622 981 685; x_wconf 87' lang='lat' dir='ltr'><strong>viciniavc</strong></span> <span class='ocrx_word' id='word_1_16' title='bbox 994 619 1102 687; x_wconf 88' lang='lat' dir='ltr'><strong>Orcus</strong></span> <span class='ocrx_word' id='word_1_17' title='bbox 1125 624 1202 687; x_wconf 87' lang='lat' dir='ltr'><strong>situs</strong></span> <span class='ocrx_word' id='word_1_18' title='bbox 1222 625 1273 702; x_wconf 92' lang='lat' dir='ltr'><strong>sit,</strong></span> 
     </span>
     <span class='ocr_line' id='line_1_4' title="bbox 158 728 1270 818; baseline 0.002 -22"><span class='ocrx_word' id='word_1_19' title='bbox 158 731 396 817; x_wconf 86' lang='lat' dir='ltr'><strong>pernecessaria</strong></span> <span class='ocrx_word' id='word_1_20' title='bbox 416 728 550 795; x_wconf 84' lang='lat' dir='ltr'><strong>videtur.</strong></span> <span class='ocrx_word' id='word_1_21' title='bbox 594 730 738 795; x_wconf 87' lang='lat' dir='ltr'><strong>Flumina</strong></span> <span class='ocrx_word' id='word_1_22' title='bbox 766 753 880 818; x_wconf 84' lang='lat' dir='ltr'><strong>porro,</strong></span> <span class='ocrx_word' id='word_1_23' title='bbox 903 753 986 817; x_wconf 89' lang='lat' dir='ltr'><strong>quae</strong></span> <span class='ocrx_word' id='word_1_24' title='bbox 1015 731 1112 799; x_wconf 87' lang='lat' dir='ltr'><strong>Circa</strong></span> <span class='ocrx_word' id='word_1_25' title='bbox 1138 754 1270 798; x_wconf 88' lang='lat' dir='ltr'><strong>comme-</strong></span> 
     </span>
     <span class='ocr_line' id='line_1_5' title="bbox 158 841 1273 929; baseline 0.003 -23"><span class='ocrx_word' id='word_1_26' title='bbox 158 852 271 923; x_wconf 82' lang='lat' dir='ltr'><strong>morat,</strong></span> <span class='ocrx_word' id='word_1_27' title='bbox 292 862 360 908; x_wconf 93' lang='lat' dir='ltr'><strong>non</strong></span> <span class='ocrx_word' id='word_1_28' title='bbox 378 864 507 929; x_wconf 89' lang='lat' dir='ltr'><strong>parvam</strong></span> <span class='ocrx_word' id='word_1_29' title='bbox 529 841 624 907; x_wconf 89' lang='lat' dir='ltr'><strong>nobis</strong></span> <span class='ocrx_word' id='word_1_30' title='bbox 640 842 893 929; x_wconf 76' lang='lat' dir='ltr'><strong>interpolationis</strong></span> <span class='ocrx_word' id='word_1_31' title='bbox 908 846 1121 928; x_wconf 85' lang='lat' dir='ltr'><strong>suspicionem</strong></span> <span class='ocrx_word' id='word_1_32' title='bbox 1136 851 1273 909; x_wconf 86' lang='lat' dir='ltr'><strong>movent.</strong></span> 
     </span>
     <span class='ocr_line' id='line_1_6' title="bbox 157 953 1273 1042; baseline 0 -23"><span class='ocrx_word' id='word_1_33' title='bbox 157 954 236 1038; x_wconf 79' lang='lat' dir='ltr'><strong>Qua</strong></span> <span class='ocrx_word' id='word_1_34' title='bbox 252 954 292 1019; x_wconf 85' lang='lat' dir='ltr'><strong>de</strong></span> <span class='ocrx_word' id='word_1_35' title='bbox 307 975 343 1018; x_wconf 88' lang='lat' dir='ltr'><strong>re</strong></span> <span class='ocrx_word' id='word_1_36' title='bbox 362 976 433 1018; x_wconf 91' lang='lat' dir='ltr'><strong>cum</strong></span> <span class='ocrx_word' id='word_1_37' title='bbox 444 953 624 1018; x_wconf 88' lang='lat' dir='ltr'><strong>Nitzscbius</strong></span> <span class='ocrx_word' id='word_1_38' title='bbox 642 957 876 1020; x_wconf 88' lang='lat' dir='ltr'><strong>accuratissime</strong></span> <span class='ocrx_word' id='word_1_39' title='bbox 892 955 1113 1042; x_wconf 88' lang='lat' dir='ltr'><strong>disputaverit¹</strong></span> <span class='ocrx_word' id='word_1_40' title='bbox 1126 954 1190 1041; x_wconf 77' lang='lat'><strong>⁴²),</strong></span> <span class='ocrx_word' id='word_1_41' title='bbox 1213 954 1273 1020; x_wconf 90' lang='lat' dir='ltr'><strong>alia</strong></span> 
     </span>
     <span class='ocr_line' id='line_1_7' title="bbox 158 1065 1275 1151; baseline 0.004 -24"><span class='ocrx_word' id='word_1_42' title='bbox 158 1065 296 1150; x_wconf 82' lang='lat' dir='ltr'><strong>proferri</strong></span> <span class='ocrx_word' id='word_1_43' title='bbox 318 1086 384 1128; x_wconf 90' lang='lat' dir='ltr'><strong>non</strong></span> <span class='ocrx_word' id='word_1_44' title='bbox 407 1067 531 1129; x_wconf 78' lang='lat' dir='ltr'><strong>attinet.</strong></span> <span class='ocrx_word' id='word_1_45' title='bbox 556 1065 672 1148; x_wconf 81' lang='lat' dir='ltr'><strong>Neque</strong></span> <span class='ocrx_word' id='word_1_46' title='bbox 693 1075 806 1145; x_wconf 90' lang='lat' dir='ltr'><strong>tamen,</strong></span> <span class='ocrx_word' id='word_1_47' title='bbox 830 1065 919 1151; x_wconf 89' lang='lat' dir='ltr'><strong>quod</strong></span> <span class='ocrx_word' id='word_1_48' title='bbox 930 1069 979 1130; x_wconf 90' lang='lat' dir='ltr'><strong>vir</strong></span> <span class='ocrx_word' id='word_1_49' title='bbox 993 1067 1046 1132; x_wconf 88' lang='lat' dir='ltr'><strong>ille</strong></span> <span class='ocrx_word' id='word_1_50' title='bbox 1062 1067 1275 1146; x_wconf 89' lang='lat' dir='ltr'><strong>doctissimus,</strong></span> 
     </span>
     <span class='ocr_line' id='line_1_8' title="bbox 158 1172 1275 1260; baseline 0.004 -22"><span class='ocrx_word' id='word_1_51' title='bbox 158 1194 196 1238; x_wconf 81' lang='lat' dir='ltr'><strong>ex</strong></span> <span class='ocrx_word' id='word_1_52' title='bbox 223 1173 283 1236; x_wconf 91' lang='lat' dir='ltr'><strong>bac</strong></span> <span class='ocrx_word' id='word_1_53' title='bbox 309 1172 555 1256; x_wconf 77' lang='lat' dir='ltr'><strong>interpolatione</strong></span> <span class='ocrx_word' id='word_1_54' title='bbox 588 1172 671 1235; x_wconf 88' lang='lat' dir='ltr'><strong>idem</strong></span> <span class='ocrx_word' id='word_1_55' title='bbox 700 1194 760 1258; x_wconf 81' lang='lat' dir='ltr'><strong>ego</strong></span> <span class='ocrx_word' id='word_1_56' title='bbox 790 1174 980 1260; x_wconf 85' lang='lat' dir='ltr'><strong>collegerim.</strong></span> <span class='ocrx_word' id='word_1_57' title='bbox 1032 1178 1163 1244; x_wconf 84' lang='lat' dir='ltr'><strong>Etiamsi</strong></span> <span class='ocrx_word' id='word_1_58' title='bbox 1190 1181 1275 1243; x_wconf 89' lang='lat' dir='ltr'><strong>enim</strong></span> 
     </span>
     <span class='ocr_line' id='line_1_9' title="bbox 156 1280 1275 1369; baseline 0.005 -22"><span class='ocrx_word' id='word_1_59' title='bbox 156 1305 283 1348; x_wconf 86' lang='lat' dir='ltr'><strong>versum</strong></span> <span class='ocrx_word' id='word_1_60' title='bbox 305 1283 367 1363; x_wconf 86' lang='lat' dir='ltr'><strong>Xl,</strong></span> <span class='ocrx_word' id='word_1_61' title='bbox 390 1287 442 1346; x_wconf 85' lang='lat'><strong>22.</strong></span> <span class='ocrx_word' id='word_1_62' title='bbox 464 1280 530 1346; x_wconf 91' lang='lat' dir='ltr'><strong>loci</strong></span> <span class='ocrx_word' id='word_1_63' title='bbox 557 1280 694 1367; x_wconf 88' lang='lat' dir='ltr'><strong>aliquam</strong></span> <span class='ocrx_word' id='word_1_64' title='bbox 722 1280 968 1369; x_wconf 78' lang='lat' dir='ltr'><strong>descriptionem</strong></span> <span class='ocrx_word' id='word_1_65' title='bbox 995 1307 1015 1350; x_wconf 90' lang='lat' dir='ltr'><strong>a</strong></span> <span class='ocrx_word' id='word_1_66' title='bbox 1044 1286 1139 1352; x_wconf 88' lang='lat' dir='ltr'><strong>Circa</strong></span> <span class='ocrx_word' id='word_1_67' title='bbox 1167 1287 1275 1353; x_wconf 89' lang='lat' dir='ltr'><strong>datam</strong></span> 
     </span>
     <span class='ocr_line' id='line_1_10' title="bbox 156 1393 1276 1482; baseline 0.002 -23"><span class='ocrx_word' id='word_1_68' title='bbox 156 1393 321 1482; x_wconf 86' lang='lat' dir='ltr'><strong>postulare</strong></span> <span class='ocrx_word' id='word_1_69' title='bbox 343 1403 488 1480; x_wconf 86' lang='lat' dir='ltr'><strong>apertum</strong></span> <span class='ocrx_word' id='word_1_70' title='bbox 510 1394 560 1474; x_wconf 89' lang='lat' dir='ltr'><strong>sit,</strong></span> <span class='ocrx_word' id='word_1_71' title='bbox 581 1413 649 1459; x_wconf 91' lang='lat' dir='ltr'><strong>non</strong></span> <span class='ocrx_word' id='word_1_72' title='bbox 670 1403 775 1459; x_wconf 88' lang='lat' dir='ltr'><strong>tamen</strong></span> <span class='ocrx_word' id='word_1_73' title='bbox 796 1394 870 1458; x_wconf 90' lang='lat' dir='ltr'><strong>inde</strong></span> <span class='ocrx_word' id='word_1_74' title='bbox 892 1398 986 1480; x_wconf 90' lang='lat' dir='ltr'><strong>sequi</strong></span> <span class='ocrx_word' id='word_1_75' title='bbox 1008 1398 1214 1476; x_wconf 86' lang='lat' dir='ltr'><strong>existimarim,</strong></span> <span class='ocrx_word' id='word_1_76' title='bbox 1238 1408 1276 1461; x_wconf 93' lang='lat' dir='ltr'><strong>ut</strong></span> 
     </span>
     <span class='ocr_line' id='line_1_11' title="bbox 157 1504 1275 1593; baseline 0.001 -22"><span class='ocrx_word' id='word_1_77' title='bbox 157 1528 305 1593; x_wconf 81' lang='lat' dir='ltr'><strong>gennana</strong></span> <span class='ocrx_word' id='word_1_78' title='bbox 326 1504 411 1570; x_wconf 90' lang='lat' dir='ltr'><strong>illius</strong></span> <span class='ocrx_word' id='word_1_79' title='bbox 433 1504 499 1569; x_wconf 90' lang='lat' dir='ltr'><strong>loci</strong></span> <span class='ocrx_word' id='word_1_80' title='bbox 522 1504 693 1591; x_wconf 88' lang='lat' dir='ltr'><strong>descriptio</strong></span> <span class='ocrx_word' id='word_1_81' title='bbox 717 1509 765 1587; x_wconf 78' lang='lat' dir='ltr'><strong>eb,</strong></span> <span class='ocrx_word' id='word_1_82' title='bbox 788 1527 882 1591; x_wconf 90' lang='lat' dir='ltr'><strong>quam</strong></span> <span class='ocrx_word' id='word_1_83' title='bbox 904 1526 991 1571; x_wconf 88' lang='lat' dir='ltr'><strong>nune</strong></span> <span class='ocrx_word' id='word_1_84' title='bbox 1013 1508 1172 1572; x_wconf 85' lang='lat' dir='ltr'><strong>contineat</strong></span> <span class='ocrx_word' id='word_1_85' title='bbox 1190 1506 1275 1572; x_wconf 87' lang='lat' dir='ltr'><strong>bber</strong></span> 
     </span>
     <span class='ocr_line' id='line_1_12' title="bbox 157 1603 1274 1705; baseline 0 -23"><span class='ocrx_word' id='word_1_86' title='bbox 157 1617 312 1698; x_wconf 87' lang='lat' dir='ltr'><strong>decimus,</strong></span> <span class='ocrx_word' id='word_1_87' title='bbox 339 1603 483 1704; x_wconf 86' lang='lat' dir='ltr'><strong>depulsa</strong></span> <span class='ocrx_word' id='word_1_88' title='bbox 499 1619 540 1682; x_wconf 90' lang='lat' dir='ltr'><strong>sit</strong></span> <span class='ocrx_word' id='word_1_89' title='bbox 553 1616 561 1650; x_wconf 87' lang='lat'><strong>¹</strong></span> <span class='ocrx_word' id='word_1_90' title='bbox 574 1605 637 1702; x_wconf 62' lang='grc'><strong>143).</strong></span> <span class='ocrx_word' id='word_1_91' title='bbox 683 1616 773 1703; x_wconf 87' lang='lat' dir='ltr'><strong>Quid</strong></span> <span class='ocrx_word' id='word_1_92' title='bbox 795 1618 878 1682; x_wconf 89' lang='lat' dir='ltr'><strong>enim</strong></span> <span class='ocrx_word' id='word_1_93' title='bbox 904 1619 1002 1705; x_wconf 79' lang='lat' dir='ltr'><strong>magis</strong></span> <span class='ocrx_word' id='word_1_94' title='bbox 1025 1639 1044 1683; x_wconf 92' lang='lat' dir='ltr'><strong>a</strong></span> <span class='ocrx_word' id='word_1_95' title='bbox 1065 1638 1143 1682; x_wconf 88' lang='lat' dir='ltr'><strong>vero</strong></span> <span class='ocrx_word' id='word_1_96' title='bbox 1167 1628 1274 1704; x_wconf 87' lang='lat' dir='ltr'><strong>potest</strong></span> 
     </span>
     <span class='ocr_line' id='line_1_13' title="bbox 157 1726 1271 1821; baseline -0.001 -27"><span class='ocrx_word' id='word_1_97' title='bbox 157 1729 331 1795; x_wconf 87' lang='lat' dir='ltr'><strong>abhorrere</strong></span> <span class='ocrx_word' id='word_1_98' title='bbox 354 1751 391 1794; x_wconf 91' lang='lat' dir='ltr'><strong>ea</strong></span> <span class='ocrx_word' id='word_1_99' title='bbox 414 1731 614 1815; x_wconf 88' lang='lat' dir='ltr'><strong>conjectura,</strong></span> <span class='ocrx_word' id='word_1_100' title='bbox 640 1750 706 1816; x_wconf 85' lang='lat' dir='ltr'><strong>qua</strong></span> <span class='ocrx_word' id='word_1_101' title='bbox 727 1726 890 1817; x_wconf 85' lang='lat' dir='ltr'><strong>inlocum</strong></span> <span class='ocrx_word' id='word_1_102' title='bbox 912 1731 1027 1821; x_wconf 81' lang='lat' dir='ltr'><strong>prioris</strong></span> <span class='ocrx_word' id='word_1_103' title='bbox 1047 1731 1186 1816; x_wconf 85' lang='lat' dir='ltr'><strong>ejusque</strong></span> <span class='ocrx_word' id='word_1_104' title='bbox 1210 1729 1271 1794; x_wconf 89' lang='lat' dir='ltr'><strong>cla-</strong></span> 
     </span>
     <span class='ocr_line' id='line_1_14' title="bbox 156 1830 1269 1927; baseline -0.002 -21"><span class='ocrx_word' id='word_1_105' title='bbox 156 1863 212 1906; x_wconf 86' lang='lat' dir='ltr'><strong>rae</strong></span> <span class='ocrx_word' id='word_1_106' title='bbox 234 1864 273 1905; x_wconf 93' lang='lat' dir='ltr'><strong>ac</strong></span> <span class='ocrx_word' id='word_1_107' title='bbox 294 1843 482 1927; x_wconf 91' lang='lat' dir='ltr'><strong>perspicuae</strong></span> <span class='ocrx_word' id='word_1_108' title='bbox 505 1838 737 1925; x_wconf 87' lang='lat' dir='ltr'><strong>descriptionis,</strong></span> <span class='ocrx_word' id='word_1_109' title='bbox 760 1861 844 1924; x_wconf 89' lang='lat' dir='ltr'><strong>quae</strong></span> <span class='ocrx_word' id='word_1_110' title='bbox 866 1830 962 1904; x_wconf 51' lang='lat' dir='ltr'><strong>etiam¹</strong></span> <span class='ocrx_word' id='word_1_111' title='bbox 982 1862 1054 1904; x_wconf 93' lang='lat' dir='ltr'><strong>cum</strong></span> <span class='ocrx_word' id='word_1_112' title='bbox 1068 1838 1177 1905; x_wconf 86' lang='lat' dir='ltr'><strong>verbis</strong></span> <span class='ocrx_word' id='word_1_113' title='bbox 1199 1839 1269 1905; x_wconf 85' lang='lat' dir='ltr'><strong>libri</strong></span> 
     </span>
     <span class='ocr_line' id='line_1_15' title="bbox 157 1950 1269 2038; baseline 0 -22"><span class='ocrx_word' id='word_1_114' title='bbox 157 1951 316 2017; x_wconf 89' lang='lat' dir='ltr'><strong>undecimi</strong></span> <span class='ocrx_word' id='word_1_115' title='bbox 344 1951 438 2038; x_wconf 89' lang='lat' dir='ltr'><strong>plane</strong></span> <span class='ocrx_word' id='word_1_116' title='bbox 468 1954 682 2030; x_wconf 88' lang='lat' dir='ltr'><strong>convenisset,</strong></span> <span class='ocrx_word' id='word_1_117' title='bbox 714 1952 796 2017; x_wconf 87' lang='lat' dir='ltr'><strong>banc</strong></span> <span class='ocrx_word' id='word_1_118' title='bbox 825 1954 1036 2036; x_wconf 87' lang='lat' dir='ltr'><strong>posteriorem</strong></span> <span class='ocrx_word' id='word_1_119' title='bbox 1071 1950 1269 2016; x_wconf 88' lang='lat' dir='ltr'><strong>substitutam</strong></span> 
     </span>
     <span class='ocr_line' id='line_1_16' title="bbox 156 2060 1268 2151; baseline -0.004 -19"><span class='ocrx_word' id='word_1_120' title='bbox 156 2086 228 2132; x_wconf 84' lang='lat' dir='ltr'><strong>esse</strong></span> <span class='ocrx_word' id='word_1_121' title='bbox 250 2066 436 2151; x_wconf 81' lang='lat' dir='ltr'><strong>opinamur?</strong></span> <span class='ocrx_word' id='word_1_122' title='bbox 480 2063 580 2128; x_wconf 89' lang='lat' dir='ltr'><strong>lmmo</strong></span> <span class='ocrx_word' id='word_1_123' title='bbox 609 2061 650 2127; x_wconf 95' lang='lat' dir='ltr'><strong>ad</strong></span> <span class='ocrx_word' id='word_1_124' title='bbox 678 2060 919 2147; x_wconf 86' lang='lat' dir='ltr'><strong>discrepantiam</strong></span> <span class='ocrx_word' id='word_1_125' title='bbox 940 2062 1026 2127; x_wconf 90' lang='lat' dir='ltr'><strong>illam</strong></span> <span class='ocrx_word' id='word_1_126' title='bbox 1048 2063 1268 2128; x_wconf 89' lang='lat' dir='ltr'><strong>removendam</strong></span> 
     </span>
     <span class='ocr_line' id='line_1_17' title="bbox 157 2173 1269 2261; baseline 0 -21"><span class='ocrx_word' id='word_1_127' title='bbox 157 2176 219 2240; x_wconf 94' lang='lat' dir='ltr'><strong>alia</strong></span> <span class='ocrx_word' id='word_1_128' title='bbox 239 2179 291 2240; x_wconf 86' lang='lat' dir='ltr'><strong>via</strong></span> <span class='ocrx_word' id='word_1_129' title='bbox 313 2174 453 2239; x_wconf 87' lang='lat' dir='ltr'><strong>ineunda</strong></span> <span class='ocrx_word' id='word_1_130' title='bbox 474 2185 530 2240; x_wconf 89' lang='lat' dir='ltr'><strong>est.</strong></span> <span class='ocrx_word' id='word_1_131' title='bbox 574 2176 615 2239; x_wconf 90' lang='lat' dir='ltr'><strong>Iis</strong></span> <span class='ocrx_word' id='word_1_132' title='bbox 639 2177 721 2239; x_wconf 90' lang='lat' dir='ltr'><strong>enim</strong></span> <span class='ocrx_word' id='word_1_133' title='bbox 745 2173 903 2254; x_wconf 91' lang='lat' dir='ltr'><strong>omnibus,</strong></span> <span class='ocrx_word' id='word_1_134' title='bbox 929 2196 1013 2259; x_wconf 90' lang='lat' dir='ltr'><strong>quae</strong></span> <span class='ocrx_word' id='word_1_135' title='bbox 1036 2175 1140 2239; x_wconf 90' lang='lat' dir='ltr'><strong>adbuc</strong></span> <span class='ocrx_word' id='word_1_136' title='bbox 1163 2175 1269 2261; x_wconf 76' lang='lat' dir='ltr'><strong>dispu-</strong></span> 
     </span>
     <span class='ocr_line' id='line_1_18' title="bbox 155 2275 1266 2372; baseline 0 -21"><span class='ocrx_word' id='word_1_137' title='bbox 155 2289 305 2367; x_wconf 86' lang='lat' dir='ltr'><strong>tavimus,</strong></span> <span class='ocrx_word' id='word_1_138' title='bbox 331 2275 497 2372; x_wconf 79' lang='lat' dir='ltr'><strong>reputatis,</strong></span> <span class='ocrx_word' id='word_1_139' title='bbox 525 2282 672 2349; x_wconf 88' lang='lat' dir='ltr'><strong>dubitare</strong></span> <span class='ocrx_word' id='word_1_140' title='bbox 698 2306 766 2349; x_wconf 94' lang='lat' dir='ltr'><strong>non</strong></span> <span class='ocrx_word' id='word_1_141' title='bbox 788 2287 971 2370; x_wconf 87' lang='lat' dir='ltr'><strong>poterimus,</strong></span> <span class='ocrx_word' id='word_1_142' title='bbox 1000 2289 1078 2371; x_wconf 91' lang='lat' dir='ltr'><strong>quin</strong></span> <span class='ocrx_word' id='word_1_143' title='bbox 1101 2297 1134 2351; x_wconf 91' lang='lat' dir='ltr'><strong>et</strong></span> <span class='ocrx_word' id='word_1_144' title='bbox 1157 2285 1266 2352; x_wconf 88' lang='lat' dir='ltr'><strong>Circae</strong></span> 
     </span>
     <span class='ocr_line' id='line_1_19' title="bbox 154 2396 1265 2482; baseline -0.002 -18"><span class='ocrx_word' id='word_1_145' title='bbox 154 2398 240 2464; x_wconf 88' lang='lat' dir='ltr'><strong>illam</strong></span> <span class='ocrx_word' id='word_1_146' title='bbox 261 2398 442 2463; x_wconf 82' lang='lat' dir='ltr'><strong>inferiarum</strong></span> <span class='ocrx_word' id='word_1_147' title='bbox 457 2396 701 2482; x_wconf 89' lang='lat' dir='ltr'><strong>descriptionem</strong></span> <span class='ocrx_word' id='word_1_148' title='bbox 718 2399 914 2482; x_wconf 87' lang='lat' dir='ltr'><strong>suppositam</strong></span> <span class='ocrx_word' id='word_1_149' title='bbox 932 2418 1012 2477; x_wconf 90' lang='lat' dir='ltr'><strong>esse,</strong></span> <span class='ocrx_word' id='word_1_150' title='bbox 1035 2409 1067 2463; x_wconf 90' lang='lat' dir='ltr'><strong>et</strong></span> <span class='ocrx_word' id='word_1_151' title='bbox 1082 2397 1202 2463; x_wconf 91' lang='lat' dir='ltr'><strong>librum</strong></span> <span class='ocrx_word' id='word_1_152' title='bbox 1216 2397 1265 2462; x_wconf 90' lang='lat' dir='ltr'><strong>de·</strong></span> 
     </span>
     <span class='ocr_line' id='line_1_20' title="bbox 155 2507 1262 2590; baseline 0 -16"><span class='ocrx_word' id='word_1_153' title='bbox 155 2513 270 2574; x_wconf 81' lang='lat' dir='ltr'><strong>simum</strong></span> <span class='ocrx_word' id='word_1_154' title='bbox 294 2532 366 2573; x_wconf 91' lang='lat' dir='ltr'><strong>cum</strong></span> <span class='ocrx_word' id='word_1_155' title='bbox 389 2507 580 2573; x_wconf 90' lang='lat' dir='ltr'><strong>duodecimo</strong></span> <span class='ocrx_word' id='word_1_156' title='bbox 604 2509 775 2573; x_wconf 87' lang='lat' dir='ltr'><strong>arctissime</strong></span> <span class='ocrx_word' id='word_1_157' title='bbox 796 2507 985 2590; x_wconf 89' lang='lat' dir='ltr'><strong>cohaesisse,</strong></span> <span class='ocrx_word' id='word_1_158' title='bbox 1009 2519 1041 2574; x_wconf 90' lang='lat' dir='ltr'><strong>et</strong></span> <span class='ocrx_word' id='word_1_159' title='bbox 1057 2508 1188 2578; x_wconf 68' lang='grc' dir='ltr'>Νεκυίαν</span> <span class='ocrx_word' id='word_1_160' title='bbox 1203 2532 1262 2574; x_wconf 90' lang='lat' dir='ltr'><strong>car-</strong></span> 
     </span>
     <span class='ocr_line' id='line_1_21' title="bbox 155 2615 1264 2706; baseline -0.002 -20"><span class='ocrx_word' id='word_1_161' title='bbox 155 2642 228 2686; x_wconf 91' lang='lat' dir='ltr'><strong>men</strong></span> <span class='ocrx_word' id='word_1_162' title='bbox 254 2618 412 2705; x_wconf 82' lang='lat' dir='ltr'><strong>singulare</strong></span> <span class='ocrx_word' id='word_1_163' title='bbox 440 2615 612 2703; x_wconf 89' lang='lat' dir='ltr'><strong>aliquando</strong></span> <span class='ocrx_word' id='word_1_164' title='bbox 645 2617 744 2681; x_wconf 85' lang='lat' dir='ltr'><strong>fuisse</strong></span> <span class='ocrx_word' id='word_1_165' title='bbox 774 2639 966 2683; x_wconf 87' lang='lat' dir='ltr'><strong>censeamus.</strong></span> <span class='ocrx_word' id='word_1_166' title='bbox 1013 2618 1089 2706; x_wconf 87' lang='lat' dir='ltr'><strong>Qua</strong></span> <span class='ocrx_word' id='word_1_167' title='bbox 1116 2622 1264 2689; x_wconf 89' lang='lat' dir='ltr'><strong>sententia</strong></span> 
     </span>
     <span class='ocr_line' id='line_1_22' title="bbox 154 2727 1263 2820; baseline 0.002 -24"><span class='ocrx_word' id='word_1_168' title='bbox 154 2730 291 2820; x_wconf 88' lang='lat' dir='ltr'><strong>probata</strong></span> <span class='ocrx_word' id='word_1_169' title='bbox 313 2751 424 2795; x_wconf 89' lang='lat' dir='ltr'><strong>omnes</strong></span> <span class='ocrx_word' id='word_1_170' title='bbox 447 2727 660 2809; x_wconf 87' lang='lat' dir='ltr'><strong>dillicultates,</strong></span> <span class='ocrx_word' id='word_1_171' title='bbox 684 2751 763 2815; x_wconf 87' lang='lat' dir='ltr'><strong>quas</strong></span> <span class='ocrx_word' id='word_1_172' title='bbox 786 2731 819 2793; x_wconf 90' lang='lat' dir='ltr'><strong>in</strong></span> <span class='ocrx_word' id='word_1_173' title='bbox 841 2729 903 2796; x_wconf 88' lang='lat' dir='ltr'><strong>illis</strong></span> <span class='ocrx_word' id='word_1_174' title='bbox 926 2729 967 2797; x_wconf 88' lang='lat' dir='ltr'><strong>de</strong></span> <span class='ocrx_word' id='word_1_175' title='bbox 981 2732 1100 2798; x_wconf 75' lang='lat' dir='ltr'><strong>inferiis</strong></span> <span class='ocrx_word' id='word_1_176' title='bbox 1114 2736 1263 2800; x_wconf 76' lang='lat' dir='ltr'><strong>narratio·</strong></span> 
     </span>
     <span class='ocr_line' id='line_1_23' title="bbox 153 2839 821 2921; baseline -0.006 -11"><span class='ocrx_word' id='word_1_177' title='bbox 153 2843 249 2910; x_wconf 90' lang='lat' dir='ltr'><strong>nibus</strong></span> <span class='ocrx_word' id='word_1_178' title='bbox 271 2845 375 2908; x_wconf 88' lang='lat' dir='ltr'><strong>inesse</strong></span> <span class='ocrx_word' id='word_1_179' title='bbox 394 2839 550 2921; x_wconf 86' lang='lat' dir='ltr'><strong>videmus,</strong></span> <span class='ocrx_word' id='word_1_180' title='bbox 572 2839 717 2906; x_wconf 88' lang='lat' dir='ltr'><strong>sublatae</strong></span> <span class='ocrx_word' id='word_1_181' title='bbox 738 2851 821 2906; x_wconf 87' lang='lat' dir='ltr'><strong>sunt.</strong></span> 
     </span>
    </p>

    <p class='ocr_par' dir='ltr' id='par_1_3' title="bbox 152 2953 1263 3601">
     <span class='ocr_line' id='line_1_24' title="bbox 242 2953 1263 3040; baseline 0.002 -20"><span class='ocrx_word' id='word_1_182' title='bbox 242 2953 296 3020; x_wconf 88' lang='lat' dir='ltr'><strong>Ad</strong></span> <span class='ocrx_word' id='word_1_183' title='bbox 321 2955 447 3018; x_wconf 89' lang='lat' dir='ltr'><strong>tertium</strong></span> <span class='ocrx_word' id='word_1_184' title='bbox 473 2954 568 3039; x_wconf 81' lang='lat' dir='ltr'><strong>igitur</strong></span> <span class='ocrx_word' id='word_1_185' title='bbox 595 2963 824 3040; x_wconf 83' lang='lat' dir='ltr'><strong>argumentum,</strong></span> <span class='ocrx_word' id='word_1_186' title='bbox 848 2953 939 3038; x_wconf 90' lang='lat' dir='ltr'><strong>quod</strong></span> <span class='ocrx_word' id='word_1_187' title='bbox 961 2959 1148 3022; x_wconf 86' lang='lat' dir='ltr'><strong>sententiam</strong></span> <span class='ocrx_word' id='word_1_188' title='bbox 1169 2974 1263 3024; x_wconf 88' lang='lat' dir='ltr'><strong>mean</strong></span> 
     </span>
     <span class='ocr_line' id='line_1_25' title="bbox 154 3062 1262 3154; baseline 0.001 -22"><span class='ocrx_word' id='word_1_189' title='bbox 154 3066 195 3133; x_wconf 93' lang='lat' dir='ltr'><strong>de</strong></span> <span class='ocrx_word' id='word_1_190' title='bbox 217 3062 330 3154; x_wconf 61' lang='grc' dir='ltr'>Νεκυίᾳ</span> <span class='ocrx_word' id='word_1_191' title='bbox 356 3064 513 3151; x_wconf 87' lang='lat' dir='ltr'><strong>prolatam</strong></span> <span class='ocrx_word' id='word_1_192' title='bbox 541 3062 744 3149; x_wconf 90' lang='lat' dir='ltr'><strong>comprobat,</strong></span> <span class='ocrx_word' id='word_1_193' title='bbox 773 3063 969 3132; x_wconf 89' lang='lat' dir='ltr'><strong>accedamus.</strong></span> <span class='ocrx_word' id='word_1_194' title='bbox 1014 3067 1096 3132; x_wconf 89' lang='lat' dir='ltr'><strong>Nam</strong></span> <span class='ocrx_word' id='word_1_195' title='bbox 1126 3092 1199 3134; x_wconf 89' lang='lat' dir='ltr'><strong>cum</strong></span> <span class='ocrx_word' id='word_1_196' title='bbox 1226 3067 1262 3134; x_wconf 87' lang='lat' dir='ltr'><strong>de</strong></span> 
     </span>
     <span class='ocr_line' id='line_1_26' title="bbox 154 3175 1261 3269; baseline 0 -25"><span class='ocrx_word' id='word_1_197' title='bbox 154 3200 194 3244; x_wconf 92' lang='lat' dir='ltr'><strong>eo</strong></span> <span class='ocrx_word' id='word_1_198' title='bbox 217 3188 357 3264; x_wconf 87' lang='lat' dir='ltr'><strong>nequeat</strong></span> <span class='ocrx_word' id='word_1_199' title='bbox 379 3175 525 3257; x_wconf 89' lang='lat' dir='ltr'><strong>dubitari,</strong></span> <span class='ocrx_word' id='word_1_200' title='bbox 549 3179 627 3263; x_wconf 87' lang='lat' dir='ltr'><strong>quin</strong></span> <span class='ocrx_word' id='word_1_201' title='bbox 649 3178 751 3241; x_wconf 90' lang='lat' dir='ltr'><strong>statim</strong></span> <span class='ocrx_word' id='word_1_202' title='bbox 773 3178 931 3264; x_wconf 87' lang='lat' dir='ltr'><strong>principio</strong></span> <span class='ocrx_word' id='word_1_203' title='bbox 955 3177 996 3244; x_wconf 90' lang='lat' dir='ltr'><strong>dc</strong></span> <span class='ocrx_word' id='word_1_204' title='bbox 1017 3178 1106 3246; x_wconf 90' lang='lat' dir='ltr'><strong>bello</strong></span> <span class='ocrx_word' id='word_1_205' title='bbox 1125 3183 1261 3269; x_wconf 85' lang='lat' dir='ltr'><strong>Trojano</strong></span> 
     </span>
     <span class='ocr_line' id='line_1_27' title="bbox 152 3286 1260 3374; baseline -0.003 -17"><span class='ocrx_word' id='word_1_206' title='bbox 152 3290 319 3374; x_wconf 83' lang='lat' dir='ltr'><strong>Ulixisque</strong></span> <span class='ocrx_word' id='word_1_207' title='bbox 341 3287 503 3353; x_wconf 89' lang='lat' dir='ltr'><strong>erroribus</strong></span> <span class='ocrx_word' id='word_1_208' title='bbox 530 3286 659 3354; x_wconf 85' lang='lat' dir='ltr'><strong>fabulae</strong></span> <span class='ocrx_word' id='word_1_209' title='bbox 687 3293 734 3355; x_wconf 89' lang='lat' dir='ltr'><strong>sic</strong></span> <span class='ocrx_word' id='word_1_210' title='bbox 757 3293 971 3358; x_wconf 81' lang='lat' dir='ltr'><strong>conformatae</strong></span> <span class='ocrx_word' id='word_1_211' title='bbox 993 3291 1126 3374; x_wconf 86' lang='lat' dir='ltr'><strong>luerint,</strong></span> <span class='ocrx_word' id='word_1_212' title='bbox 1152 3303 1187 3358; x_wconf 91' lang='lat' dir='ltr'><strong>ut</strong></span> <span class='ocrx_word' id='word_1_213' title='bbox 1208 3290 1260 3356; x_wconf 89' lang='lat' dir='ltr'><strong>de·</strong></span> 
     </span>
     <span class='ocr_line' id='line_1_28' title="bbox 152 3396 1257 3491; baseline -0.004 -24"><span class='ocrx_word' id='word_1_214' title='bbox 152 3421 214 3467; x_wconf 92' lang='lat' dir='ltr'><strong>nos</strong></span> <span class='ocrx_word' id='word_1_215' title='bbox 243 3419 344 3464; x_wconf 90' lang='lat' dir='ltr'><strong>annos</strong></span> <span class='ocrx_word' id='word_1_216' title='bbox 372 3408 404 3463; x_wconf 94' lang='lat' dir='ltr'><strong>et</strong></span> <span class='ocrx_word' id='word_1_217' title='bbox 430 3396 551 3463; x_wconf 90' lang='lat' dir='ltr'><strong>bellum</strong></span> <span class='ocrx_word' id='word_1_218' title='bbox 578 3397 658 3463; x_wconf 92' lang='lat' dir='ltr'><strong>illud</strong></span> <span class='ocrx_word' id='word_1_219' title='bbox 688 3398 819 3466; x_wconf 87' lang='lat' dir='ltr'><strong>durasse</strong></span> <span class='ocrx_word' id='word_1_220' title='bbox 848 3412 879 3467; x_wconf 91' lang='lat' dir='ltr'><strong>et</strong></span> <span class='ocrx_word' id='word_1_221' title='bbox 905 3401 1013 3468; x_wconf 81' lang='lat' dir='ltr'><strong>Ulixes</strong></span> <span class='ocrx_word' id='word_1_222' title='bbox 1035 3412 1165 3491; x_wconf 83' lang='lat' dir='ltr'><strong>vagatus</strong></span> <span class='ocrx_word' id='word_1_223' title='bbox 1191 3418 1257 3466; x_wconf 85' lang='lat' dir='ltr'><strong>esse</strong></span> 
     </span>
     <span class='ocr_line' id='line_1_29' title="bbox 153 3509 1259 3601; baseline -0.001 -23"><span class='ocrx_word' id='word_1_224' title='bbox 153 3509 328 3578; x_wconf 89' lang='lat' dir='ltr'><strong>diceretur:</strong></span> <span class='ocrx_word' id='word_1_225' title='bbox 352 3509 502 3598; x_wconf 80' lang='lat' dir='ltr'><strong>vigesimo</strong></span> <span class='ocrx_word' id='word_1_226' title='bbox 527 3530 609 3576; x_wconf 89' lang='lat' dir='ltr'><strong>anno</strong></span> <span class='ocrx_word' id='word_1_227' title='bbox 624 3509 748 3586; x_wconf 78' lang='lat' dir='ltr'><strong>Ulixem</strong></span> <span class='ocrx_word' id='word_1_228' title='bbox 769 3513 803 3578; x_wconf 91' lang='lat' dir='ltr'><strong>in</strong></span> <span class='ocrx_word' id='word_1_229' title='bbox 824 3514 956 3598; x_wconf 90' lang='lat' dir='ltr'><strong>patriam</strong></span> <span class='ocrx_word' id='word_1_230' title='bbox 971 3513 1105 3582; x_wconf 86' lang='lat' dir='ltr'><strong>rediisse</strong></span> <span class='ocrx_word' id='word_1_231' title='bbox 1120 3532 1259 3601; x_wconf 86' lang='lat' dir='ltr'><strong>comper</strong></span> 
     </span>
    </p>
   </div>
   <div class='ocr_carea' id='block_1_3' title="bbox 149 3722 1258 4261">
    <p class='ocr_par' dir='ltr' id='par_1_4' title="bbox 149 3722 1258 4074">
     <span class='ocr_line' id='line_1_30' title="bbox 151 3722 1258 3806; baseline -0.005 -20"><span class='ocrx_word' id='word_1_232' title='bbox 151 3728 182 3786; x_wconf 89' lang='lat' dir='ltr'><strong>in</strong></span> <span class='ocrx_word' id='word_1_233' title='bbox 195 3725 300 3800; x_wconf 73' lang='grc' dir='ltr'><strong><em>Ἔρεβος</em></strong></span> <span class='ocrx_word' id='word_1_234' title='bbox 318 3744 373 3783; x_wconf 89' lang='lat' dir='ltr'><strong>nur</strong></span> <span class='ocrx_word' id='word_1_235' title='bbox 390 3723 436 3781; x_wconf 86' lang='lat' dir='ltr'><strong>die</strong></span> <span class='ocrx_word' id='word_1_236' title='bbox 454 3722 576 3780; x_wconf 81' lang='lat' dir='ltr'><strong>Erdtiele</strong></span> <span class='ocrx_word' id='word_1_237' title='bbox 592 3723 633 3782; x_wconf 87' lang='lat' dir='ltr'><strong>als</strong></span> <span class='ocrx_word' id='word_1_238' title='bbox 651 3723 746 3782; x_wconf 88' lang='lat' dir='ltr'><strong>Grube</strong></span> <span class='ocrx_word' id='word_1_239' title='bbox 764 3723 869 3781; x_wconf 83' lang='lat' dir='ltr'><strong>boden.</strong></span> <span class='ocrx_word' id='word_1_240' title='bbox 899 3725 980 3784; x_wconf 88' lang='lat' dir='ltr'><strong>Docb</strong></span> <span class='ocrx_word' id='word_1_241' title='bbox 999 3729 1075 3806; x_wconf 78' lang='lat' dir='ltr'><strong>giebt</strong></span> <span class='ocrx_word' id='word_1_242' title='bbox 1086 3747 1116 3784; x_wconf 88' lang='lat' dir='ltr'><strong>es</strong></span> <span class='ocrx_word' id='word_1_243' title='bbox 1129 3725 1258 3787; x_wconf 84' lang='lat' dir='ltr'><strong>zwiscben</strong></span> 
     </span>
     <span class='ocr_line' id='line_1_31' title="bbox 150 3813 1257 3892; baseline -0.005 -15"><span class='ocrx_word' id='word_1_244' title='bbox 150 3819 202 3877; x_wconf 84' lang='lat' dir='ltr'><strong>dar</strong></span> <span class='ocrx_word' id='word_1_245' title='bbox 220 3818 392 3891; x_wconf 75' lang='lat' dir='ltr'><strong>Anneisung</strong></span> <span class='ocrx_word' id='word_1_246' title='bbox 414 3813 473 3872; x_wconf 88' lang='lat' dir='ltr'><strong>und</strong></span> <span class='ocrx_word' id='word_1_247' title='bbox 496 3814 650 3892; x_wconf 74' lang='lat' dir='ltr'><strong>Besolgnng</strong></span> <span class='ocrx_word' id='word_1_248' title='bbox 670 3814 769 3872; x_wconf 80' lang='lat' dir='ltr'><strong>immor</strong></span> <span class='ocrx_word' id='word_1_249' title='bbox 791 3815 838 3872; x_wconf 88' lang='lat' dir='ltr'><strong>die</strong></span> <span class='ocrx_word' id='word_1_250' title='bbox 863 3815 1019 3886; x_wconf 79' lang='lat' dir='ltr'><strong>Differam,</strong></span> <span class='ocrx_word' id='word_1_251' title='bbox 1045 3819 1110 3876; x_wconf 81' lang='lat' dir='ltr'><strong>dass</strong></span> <span class='ocrx_word' id='word_1_252' title='bbox 1133 3819 1194 3876; x_wconf 85' lang='lat' dir='ltr'><strong>bier</strong></span> <span class='ocrx_word' id='word_1_253' title='bbox 1214 3817 1257 3872; x_wconf 83' lang='lat' dir='ltr'><strong>du</strong></span> 
     </span>
     <span class='ocr_line' id='line_1_32' title="bbox 149 3905 1256 3988; baseline -0.001 -24"><span class='ocrx_word' id='word_1_254' title='bbox 149 3908 267 3982; x_wconf 67' lang='grc' dir='ltr'><strong>ἀπονόσφι</strong></span> <span class='ocrx_word' id='word_1_255' title='bbox 283 3906 415 3982; x_wconf 69' lang='grc' dir='ltr'>τραπέσθαι</span> <span class='ocrx_word' id='word_1_256' title='bbox 439 3905 517 3963; x_wconf 84' lang='lat' dir='ltr'><strong>nicht</strong></span> <span class='ocrx_word' id='word_1_257' title='bbox 540 3905 698 3982; x_wconf 76' lang='lat' dir='ltr'><strong>angegeben</strong></span> <span class='ocrx_word' id='word_1_258' title='bbox 725 3905 775 3968; x_wconf 64' lang='lat' dir='ltr'><strong>iso</strong></span> <span class='ocrx_word' id='word_1_259' title='bbox 804 3907 855 3964; x_wconf 89' lang='lat' dir='ltr'><strong>mit</strong></span> <span class='ocrx_word' id='word_1_260' title='bbox 878 3907 981 3966; x_wconf 86' lang='lat' dir='ltr'><strong>diesem</strong></span> <span class='ocrx_word' id='word_1_261' title='bbox 999 3908 1086 3988; x_wconf 73' lang='lat' dir='ltr'><strong>ltingt</strong></span> <span class='ocrx_word' id='word_1_262' title='bbox 1104 3910 1172 3968; x_wconf 86' lang='lat' dir='ltr'><strong>aber</strong></span> <span class='ocrx_word' id='word_1_263' title='bbox 1189 3910 1256 3986; x_wconf 82' lang='lat' dir='ltr'><strong>jones</strong></span> 
     </span>
     <span class='ocr_line' id='line_1_33' title="bbox 149 3995 943 4074; baseline 0.005 -22"><span class='ocrx_word' id='word_1_264' title='bbox 149 4000 175 4058; x_wconf 68' lang='lat' dir='ltr'><strong>t.</strong></span> <span class='ocrx_word' id='word_1_265' title='bbox 187 3995 244 4070; x_wconf 75' lang='grc' dir='ltr'><strong>Ἐρ.</strong></span> <span class='ocrx_word' id='word_1_266' title='bbox 261 4019 312 4072; x_wconf 64' lang='grc' dir='ltr'><strong>πμ</strong></span> <span class='ocrx_word' id='word_1_267' title='bbox 330 4016 419 4074; x_wconf 79' lang='lat' dir='ltr'><strong>gcnau</strong></span> <span class='ocrx_word' id='word_1_268' title='bbox 437 3995 669 4069; x_wconf 59' lang='lat' dir='ltr'><strong>zusammenss’j-</strong></span> <span class='ocrx_word' id='word_1_269' title='bbox 686 3995 722 4051; x_wconf 86' lang='lat' dir='ltr'><strong>cs.</strong></span> <span class='ocrx_word' id='word_1_270' title='bbox 738 3997 821 4054; x_wconf 86' lang='lat' dir='ltr'><strong>eund.</strong></span> <span class='ocrx_word' id='word_1_271' title='bbox 838 4017 866 4073; x_wconf 92' lang='lat' dir='ltr'><strong>p.</strong></span> <span class='ocrx_word' id='word_1_272' title='bbox 880 4003 943 4062; x_wconf 82' lang='lat'><strong>159.</strong></span> 
     </span>
    </p>

    <p class='ocr_par' dir='ltr' id='par_1_5' title="bbox 160 4089 843 4261">
     <span class='ocr_line' id='line_1_34' title="bbox 226 4089 715 4166; baseline -0.006 -18"><span class='ocrx_word' id='word_1_273' title='bbox 226 4090 290 4164; x_wconf 78' lang='lat'><strong>¹⁴²)</strong></span> <span class='ocrx_word' id='word_1_274' title='bbox 326 4091 346 4148; x_wconf 91' lang='lat' dir='ltr'><strong>l.</strong></span> <span class='ocrx_word' id='word_1_275' title='bbox 362 4090 382 4148; x_wconf 92' lang='lat' dir='ltr'><strong>l.</strong></span> <span class='ocrx_word' id='word_1_276' title='bbox 395 4089 461 4151; x_wconf 84' lang='lat' dir='ltr'><strong>vol.</strong></span> <span class='ocrx_word' id='word_1_277' title='bbox 478 4092 530 4146; x_wconf 91' lang='lat' dir='ltr'><strong>lll.</strong></span> <span class='ocrx_word' id='word_1_278' title='bbox 545 4108 573 4163; x_wconf 90' lang='lat' dir='ltr'><strong>p.</strong></span> <span class='ocrx_word' id='word_1_279' title='bbox 591 4095 642 4146; x_wconf 83' lang='grc'><strong>158</strong></span> <span class='ocrx_word' id='word_1_280' title='bbox 655 4108 715 4166; x_wconf 79' lang='lat' dir='ltr'><strong>sqq.</strong></span> 
     </span>
     <span class='ocr_line' id='line_1_35' title="bbox 160 4181 843 4261; baseline 0.006 -24"><span class='ocrx_word' id='word_1_281' title='bbox 160 4232 162 4237; x_wconf 83' lang='lat'><strong>.</strong></span> <span class='ocrx_word' id='word_1_282' title='bbox 220 4185 290 4260; x_wconf 62' lang='grc' dir='ltr'><strong>Μ)</strong></span> <span class='ocrx_word' id='word_1_283' title='bbox 325 4185 363 4244; x_wconf 83' lang='lat' dir='ltr'><strong>ct.</strong></span> <span class='ocrx_word' id='word_1_284' title='bbox 378 4185 503 4243; x_wconf 74' lang='lat' dir='ltr'><strong>Nitzacb.</strong></span> <span class='ocrx_word' id='word_1_285' title='bbox 515 4183 536 4241; x_wconf 90' lang='lat' dir='ltr'><strong>l.</strong></span> <span class='ocrx_word' id='word_1_286' title='bbox 551 4181 571 4240; x_wconf 88' lang='lat' dir='ltr'><strong>l.</strong></span> <span class='ocrx_word' id='word_1_287' title='bbox 587 4181 653 4245; x_wconf 85' lang='lat' dir='ltr'><strong>Vol.</strong></span> <span class='ocrx_word' id='word_1_288' title='bbox 668 4185 720 4243; x_wconf 88' lang='lat'><strong>111.</strong></span> <span class='ocrx_word' id='word_1_289' title='bbox 736 4205 764 4261; x_wconf 90' lang='lat' dir='ltr'><strong>p.</strong></span> <span class='ocrx_word' id='word_1_290' title='bbox 781 4184 843 4241; x_wconf 89' lang='grc'><strong>160.</strong></span> 
     </span>
    </p>
   </div>
   <div class='ocr_carea' id='block_1_4' title="bbox 0 0 1426 4898">
    <p class='ocr_par' dir='ltr' id='par_1_6' title="bbox 0 0 1426 4898">
     <span class='ocr_line' id='line_1_36' title="bbox 0 0 1426 4898; baseline 0 4"><span class='ocrx_word' id='word_1_291' title='bbox 0 0 1426 4898; x_wconf 95' lang='lat' dir='ltr'><strong> </strong></span> 
     </span>
    </p>
   </div>
  </div>
 </body>
</html>
