2842 4898
693 323 742 396 58

153 515 259 573 autem
287 488 432 572 carminis
460 505 562 572 lorma
584 504 757 572 difficultas
779 509 862 572 inest
885 527 923 572 ac
945 504 1165 592 discrepantia,
1188 528 1269 592 quae

153 619 269 684 librum
291 618 493 684 undecimum
515 640 582 684 non
605 618 646 683 ab
670 640 710 683 ec
733 628 880 698 auctore,
907 621 966 703 qui
988 617 1105 683 librum
1127 627 1158 683 et
1180 628 1266 682 ante-

154 729 318 795 cedentem
341 740 372 796 et
394 729 642 815 subsequentem
666 732 888 815 composuerit,
914 731 1094 815 profectum
1117 751 1186 794 esse
1211 728 1265 793 de-

153 852 336 907 monstrent.
382 840 488 928 Cujus
518 840 712 907 difficultatis
736 865 774 906 ac
796 841 1028 927 discrepantiae
1058 851 1181 928 partem
1203 859 1270 904 non

152 952 270 1020 habent
291 951 391 1019 verba
412 953 513 1019 Ulixis
537 951 782 1039 (X1,16lrsq.):

318 1103 403 1181 μῆτερ
424 1092 486 1171 ἒμῆ,
507 1097 599 1182 χρειώ
617 1123 652 1170 με
672 1092 842 1178 κατήγαγεν
863 1100 902 1164 εἷς
920 1092 1020 1161 'Alica

315 1191 414 1280 ψυχῇ
434 1193 611 1286 γρηοόμενον
632 1194 764 1272 Θηβαίου
785 1196 939 1285 ¹'lapso-iuro.

153 1362 292 1428 quorum
314 1337 409 1426 longe
432 1339 493 1404 alia
516 1342 556 1404 sit
578 1343 669 1405 ratio.
751 1356 753 1361 ’
853 1406 854 1410 ,

240 1452 366 1517 Etenim
391 1449 603 1516 consideranti
626 1451 710 1530 milri,
733 1452 790 1538 qui
810 1448 882 1515 tolli
900 1452 1106 1536 repugnantia
1121 1448 1175 1514 illa
1191 1473 1272 1536 pos-

153 1566 209 1644 sit,
231 1562 314 1630 liber
336 1560 545 1627 duodecimus
570 1584 642 1625 cum
665 1560 749 1626 libro
773 1560 896 1626 decimo
921 1569 1067 1627 accurate
1091 1561 1265 1628 cohaerere

152 1677 239 1739 visus
268 1684 325 1740 est.
369 1675 452 1740 Nam
473 1682 573 1738 totam
596 1672 636 1739 de
660 1671 755 1739 Circa
778 1674 1005 1751 narrationem,
1028 1671 1156 1758 qualem
1178 1694 1266 1738 nunc

152 1784 320 1867 habemus,
348 1788 391 1850 ita
414 1786 569 1870 principio
594 1784 820 1849 conformatam
842 1783 940 1848 fuisse
963 1781 1113 1864 arbitror,
1142 1794 1178 1849 ut
1199 1784 1268 1850 Uli-

153 1917 222 1961 xem
250 1917 290 1961 eo
320 1899 391 1983 ipso
419 1904 577 1980 tempore,
607 1914 673 1979 quo
697 1893 909 1960 dimissionem
932 1917 951 1958 a
975 1893 1070 1960 Circa
1092 1904 1267 1980 quaereret,

152 2006 194 2096 de
222 2006 327 2073 reditu
352 2006 581 2094 periculisque,
611 2027 693 2090 quae
722 2008 755 2070 in
784 2008 896 2070 itinere
924 2007 986 2093 ipsi
1013 2008 1224 2086 imminerent,
1247 2029 1266 2072 a

72 2124 79 2132 “
152 2117 213 2184 dea
237 2121 403 2184 certiorem
425 2119 542 2184 iactum
566 2115 767 2183 describeret.
812 2119 935 2183 Etenim
956 2140 1028 2183 cum
1043 2102 1176 2205 singula,
1200 2121 1265 2204 qui-

151 2227 214 2294 bus
244 2228 345 2294 Ulixis
374 2228 483 2294 fabula
513 2226 747 2309 celebrabatur,
779 2232 916 2294 carmina
944 2232 977 2294 in
1007 2251 1105 2294 unum
1130 2208 1265 2316 *aliquod

151 2362 268 2429 poema
291 2339 472 2406 coalescere
494 2341 670 2425 inciperent
683 2335 766 2425 138),
788 2338 904 2405 librum
928 2338 1128 2405 undecimum
1150 2340 1264 2428 proba·

152 2450 218 2517 bile
243 2462 290 2519 est
311 2454 395 2517 inter
416 2450 533 2539 librum
556 2449 711 2516 decimum
734 2461 766 2516 et
789 2449 1013 2517 duodecimum
1034 2454 1175 2537 positum
1191 2474 1262 2528 esse,

152 2560 242 2646 quod
263 2561 370 2625 nullus
394 2561 474 2625 alius
496 2560 590 2649 locus
612 2562 686 2625 huic
709 2564 838 2628 carmini
860 2584 962 2649 aeque
985 2573 1077 2649 aptus
1098 2563 1260 2629 videretur.

152 2671 228 2756 Qua
257 2673 484 2759 conjunctione
512 2669 644 2738 diremta
673 2682 704 2737 et
733 2669 936 2739 difficultates
958 2673 1031 2739 illae
1054 2696 1176 2758 omnes,
1198 2678 1260 2762 qui-

150 2780 214 2848 bus
244 2782 324 2848 haec
352 2784 542 2848 narrationis
569 2783 672 2848 [orma
703 2782 845 2849 involuta
877 2795 940 2866 est,
975 2783 1207 2868 dissolvuntur,
1233 2795 1261 2850 et

151 2893 252 2960 Ulixis
273 2893 329 2960 illa
344 2893 463 2960 verba:

316 3023 400 3106 μῆτερ
421 3014 483 3093 ἐμή,
503 3011 619 3106 χρειώ
639 3044 674 3091 με
694 3013 864 3099 κατήγαγεν
885 3023 924 3084 εἷς
943 3014 1042 3082 Ἀΐδαο

314 3115 413 3205 ψυχῇ
433 3116 610 3211 χρησόμενον
631 3117 761 3198 Θηβαίου
784 3119 936 3210 Τειρεσῖαο.

153 3280 358 3292 Ἣ

228 3363 290 3439 ¹³⁸)
327 3364 411 3441 Quod
434 3365 553 3420 maxime
576 3364 679 3420 lactum
697 3365 807 3422 videtur
823 3365 933 3423 Solonis
955 3366 1004 3424 illo
1027 3369 1131 3436 edicto,
1153 3385 1207 3444 quo
1225 3370 1258 3423 rat

148 3452 257 3527 'Optimo
283 3454 310 3530 ἐξ
332 3454 453 3517 ὑποβολῆς
476 3457 581 3527 γέγραφε
602 3451 777 3526 {additio-deu,
801 3455 844 3510 aior
869 3455 927 3512 ἶπον
946 3458 957 3511 ὅ
975 3463 1065 3534 aprime
1080 3457 1159 3536 ἔληξεν
1180 3457 1261 3514 inrides

150 3542 267 3618 ἄρχεσθαι
284 3545 321 3600 τᾶν
338 3539 446 3616 οχέμονον
469 3543 565 3622 (Diog.
580 3545 672 3599 Laert.
687 3544 713 3612 1,
729 3545 789 3618 57).
829 3545 900 3603 Nam
925 3547 1072 3626 rhapsodi‚
1095 3550 1145 3626 qui
1166 3568 1261 3606 secun·

150 3635 218 3694 dum
237 3655 329 3692 rerum
347 3643 484 3712 gestarum
498 3635 625 3694 ordinem
643 3632 672 3690 b.
686 3653 710 3690 e.
726 3645 839 3693 externa
857 3638 977 3713 quadarn
994 3632 1191 3717 conjunctione
1206 3641 1261 3697 sin·

150 3727 228 3803 gulas
245 3738 274 3784 et
293 3727 386 3784 Iliadis
404 3737 433 3784 et
446 3726 585 3803 Odysseae
601 3737 704 3802 partes,
723 3745 842 3802 quarum
854 3748 1034 3807 unaquaequo
1046 3732 1082 3788 ad
1095 3731 1165 3788 illud
1178 3750 1263 3807 usque

150 3829 259 3893 tempus
286 3816 425 3895 singulare
452 3817 566 3895 aliquod
590 3835 701 3875 carmen
728 3818 925 3890 constituerat,
951 3823 1067 3880 recitare
1088 3833 1262 3900 cogerentur,

149 3907 232 3962 etiam
255 3909 402 3964 intestinae
425 3910 569 3984 utriusque
592 3907 721 3965 carminis
744 3900 935 3984 conjunctioni
954 3913 1079 3970 versibus
1095 3912 1205 3989 aliquot
1221 3914 1262 3970 in·

151 3995 292 4067 terpolatis
311 3997 440 4053 videntur
464 3998 642 4055 consuluisse.
662 4031 689 4043 -
711 3997 746 4055 ln
764 4000 854 4056 verbis
876 4013 968 4057 autem
992 4003 1020 4077 ἐξ
1039 4003 1162 4068 ὑποβολῆς
1178 4004 1262 4060 inter·

151 4082 291 4158 pretandis
300 4084 381 4156 plane
389 4089 523 4143 assentior
531 4088 709 4148 l30eclrhioV.
721 4087 766 4147 Cl.
779 4090 815 4147 cl.
823 4093 882 4164 ejus
895 4092 957 4146 lud.
968 4091 1032 4147 lect.
1048 4093 1170 4152 Berolin.
1181 4091 1259 4152 1834.

151 4172 237 4249 Corp.
253 4172 341 4228 Inscr.
356 4173 421 4230 Vol.
439 4175 476 4229 ll.
493 4194 521 4248 p.
537 4177 669 4237 675-618.
690 4178 778 4235 Woll.
794 4178 921 4256 Prolegg.
936 4198 965 4255 p·
980 4179 1068 4240 CXL.
1084 4197 1145 4243 not.
1159 4180 1189 4242 d.
