2842 4898
693 379 737 451 70

153 600 206 650 κικ
233 573 408 643 celebrans
443 572 693 657 componeretur,
722 557 845 638 fabula,
875 581 958 644 quae
985 559 1069 624 libre
1091 561 1145 624 XI.
1165 565 1266 626 conti-

150 693 281 764 ncatur,
317 687 382 751 nisi
413 685 507 749 certis
535 668 731 760 quibusdam
749 669 905 736 Graeciae
939 672 1019 737 locis
1049 675 1170 758 cognita
1197 693 1267 739 non

152 795 254 861 luerit.

605 961 810 972 ———--—--

626 1193 718 1267 CaP.
747 1195 793 1266 V.

162 1355 312 1426 rauca
343 1359 568 1447 Quamnam
595 1371 655 1436 on
681 1372 865 1443 aaran}
892 1368 1053 1434 Parma
1080 1368 1247 1435 paors-

611 1479 806 1544 annana.

620 1641 656 1692 τίς,
671 1638 737 1687 obser
751 1635 777 1684 εἷς
791 1637 883 1698 debelaim
898 1635 950 1684 πὸθι
964 1652 994 1677 ror
1008 1636 1066 1680 πᾶλις
1080 1634 1116 1688 ἠδὲ
1131 1636 1215 1691 scaffen

972 1713 1011 1755 oa.
1026 1715 1050 1766 x,
1064 1709 1111 1756 325.

159 2020 162 2024 ,
237 1928 324 1998 Cum
346 1933 475 2004 Νεκυίαν
499 1957 624 2000 cannen
646 1936 813 2020 separatim
835 1933 952 1996 lactum
976 1941 1007 1996 et
1028 1930 1131 1996 Ulixis
1151 1933 1183 1994 in
1197 1929 1257 1995 Or-

154 2065 223 2111 cum
259 2043 448 2113 descensum
481 2069 548 2112 non
582 2049 643 2111 nisi
677 2048 770 2110 certis
802 2043 962 2130 aliquibus
997 2042 1152 2109 Graeciae
1184 2041 1257 2105 loeis

153 2159 313 2244 cognitum
341 2164 440 2230 fnisse
467 2159 684 2245 intelligerem:
717 2179 782 2244 quo
809 2155 885 2221 loeo
910 2176 1036 2219 carmen
1057 2152 1138 2218 illud
1162 2148 1254 2219 ortum

152 2278 243 2349 esset,
267 2270 419 2357 quantuni
441 2271 512 2334 fieri
534 2280 653 2354 posset,
676 2271 862 2355 investigare
886 2269 1163 2353 operaepretium
1183 2263 1253 2328 arbi·

149 2380 266 2475 trabar.
311 2385 378 2447 Etsi
407 2385 489 2446 enirn
521 2384 585 2469 jam
615 2381 837 2466 antiquissimis
872 2377 1070 2463 temporibus
1101 2380 1135 2441 in
1166 2377 1253 2463 patria

150 2493 284 2558 Homeri
305 2492 520 2580 investiganda
543 2489 680 2556 studium
707 2489 804 2576 idque
827 2489 927 2554 multo
950 2493 1038 2574 prius
1062 2491 1198 2576 positum
1212 2488 1252 2566 sit,

152 2625 248 2688 quarn
275 2607 309 2666 in
338 2608 444 2667 critica
470 2602 577 2666 Iliadis
601 2602 836 2687 Odysseaeque
863 2603 1066 2665 tractatione:
1095 2612 1197 2667 tamen
1219 2592 1252 2662 ad
1288 2686 1292 2695 Ι

151 2714 236 2777 hunc
258 2731 362 2797 usque
386 2713 467 2777 diem
491 2712 575 2793 nihil,
599 2712 688 2798 quod
712 2723 831 2777 eertum
848 2715 887 2776 sit
903 2711 1147 2800 rationibusque
1161 2714 1252 2778 firna-

150 2834 232 2905 tum,
256 2824 315 2889 hac
345 2824 385 2889 de
408 2847 443 2889 re
466 2834 682 2910 comparatum
705 2833 760 2889 est.
805 2824 887 2888 Nam
910 2822 1000 2909 quod
1021 2825 1183 2891 veteribus
1202 2821 1251 2888 illis

152 2938 282 3015 criticis,
313 2940 368 3021 qui
398 2940 428 3001 ei
451 2926 631 3021 quaestioni
660 2958 789 3022 operam
812 2946 980 3015 navarunt,
1004 2936 1158 3004 accidisse
1178 2932 1252 3000 vide·

152 3068 237 3126 mus,
267 3045 300 3109 id
327 3050 444 3111 uostris
474 3068 605 3132 quoque
631 3047 827 3134 temporibus
852 3046 1017 3112 observari
1038 3049 1126 3130 lieet,
1150 3045 1251 3135 quibus

150 3158 184 3221 in
208 3156 432 3222 diversissimas
457 3156 497 3221 de
519 3159 652 3222 Homeri
674 3162 775 3245 patria
797 3163 966 3236 sententias
986 3163 1047 3225 viri
1070 3160 1156 3226 docti
1178 3157 1252 3223 ahie·

150 3279 233 3334 runt.
280 3268 373 3354 Quae
396 3268 524 3356 quidem
547 3269 712 3351 dissensio,
735 3292 806 3336 eum
828 3273 860 3335 in
876 3270 1124 3352 difficultatibus,
1147 3268 1253 3356 quibus

150 3377 204 3441 illa
227 3384 371 3462 quaestio
395 3379 550 3444 obvoluta
573 3392 628 3460 est,
651 3384 755 3466 posita
778 3381 947 3463 videretur,
973 3387 1017 3447 ita
1038 3405 1086 3447 me
1107 3391 1255 3466 perterre-

149 3487 221 3568 bat,
250 3499 286 3552 ut
307 3492 421 3554 virium
449 3512 588 3553 mearum
614 3494 739 3554 ratione
767 3492 873 3556 babila
896 3498 1032 3560 animum
1054 3516 1072 3559 a
1094 3491 1252 3579 proposito

149 3598 245 3686 plane
266 3620 458 3664 revocarem.
504 3599 569 3664 Sed
592 3605 768 3667 accuratius
791 3604 916 3668 illarum
939 3605 1160 3671 difficultatum
1174 3611 1252 3667 natu·

149 3732 216 3776 ram
238 3715 398 3797 reputanti
425 3712 499 3776 mihi
528 3723 559 3777 et
581 3712 699 3777 fiducia
723 3724 754 3778 et
778 3716 944 3781 consilinm
967 3717 1140 3783 redierunt.
1182 3712 1251 3778 Nm

151 3844 222 3887 eum
246 3825 278 3886 in
306 3844 346 3887 co
370 3844 480 3890 omues
504 3812 729 3904 consentirent,
757 3828 818 3891 nisi
840 3829 1010 3895 Homerica
1034 3831 1173 3895 carmina
1192 3842 1248 3898 nos,

149 3952 216 4015 quo
240 3932 282 3997 de
303 3936 446 4020 ipsorum
469 3939 569 4021 patria
592 3933 741 4000 fieremus
766 3941 926 4020 certiores,
948 3941 1026 4007 nibil
1048 3930 1248 4015 babere¹⁶¹l

150 4076 355 4093 *⁸*-

226 4148 289 4220 161)
327 4151 362 4205 cf.
379 4152 477 4225 neyne
497 4154 916 4231 11.r0m.v111.p.aeo.am.
939 4158 1125 4226 noawooa,
1141 4147 1250 4216 vemet
1288 4137 1295 4231 ἐ

149 4238 216 4297 tiber
239 4237 287 4294 das
311 4237 517 4316 Originalgeaie
540 4246 587 4301 des
610 4245 731 4313 Homer,
757 4265 805 4301 aus
830 4247 891 4301 dem
912 4246 992 4322 Engl.
1015 4251 1083 4321 (von
1102 4237 1251 4307 Michaelltl
1286 4230 1295 4284 ὲ
