2842 4898
592 371 641 445 83

55 561 247 649 Clymenam
269 560 401 645 Minyae
424 558 522 622 fuisse
538 556 645 636 filiam,
668 555 800 643 Phylaci
815 578 954 640 uxorem,
977 559 1090 644 Iphicli
1111 585 1176 626 ma-

54 687 145 753 trem,
168 670 329 736 Hesiodus
353 667 543 752 tradit²⁰⁴).
942 655 950 663 '⁴

149 783 338 870 Eriphyla
369 782 507 864 denique
541 803 613 843 cum
642 779 868 846 Thebanorum
897 783 1012 847 sabulis
1042 786 1175 870 conjun-

60 899 195 961 ctissimo
219 892 363 982 est²⁰⁵).
414 893 496 955 Nam
524 890 696 976 Polynices
721 916 792 957 cum
815 893 934 959 bellum
959 907 1068 958 contra
1093 898 1176 960 The-

57 1007 116 1072 bas
141 1004 351 1091 pararet²⁰⁶)
384 1014 416 1068 et
444 1003 683 1087 Amphiaraum,
713 1015 749 1066 ut
772 1028 878 1068 secmn
908 1008 1175 1091 proficisceretur,

59 1122 220 1197 excitaret,
243 1119 463 1203 Amphiaraus,
499 1112 589 1197 quod
619 1136 653 1176 se
676 1114 732 1177 illo
755 1114 841 1179 bello
870 1122 1044 1200 periturum
1074 1121 1175 1197 sciret,

59 1233 281 1314 tergiversatus
309 1238 372 1306 est,
405 1248 511 1310 neque
534 1228 593 1287 nisi
617 1224 657 1288 ab
681 1247 780 1289 uxore
803 1228 966 1312 impulsus
990 1250 1085 1312 quam
1106 1234 1176 1292 mo'-

57 1341 114 1404 nili
146 1362 245 1402 aureo
274 1340 446 1423 Polynices
477 1335 759 1421 corruperat²⁰⁷),
790 1336 909 1422 petenti
942 1362 976 1402 se
1000 1341 1175 1403 satisfacto·
1230 1399 1234 1409 ,

56 1474 128 1516 rum
158 1446 400 1533 promisit2⁰⁸).
451 1448 543 1531 Quae
572 1447 700 1532 quidem
732 1451 904 1534 Eriphylae
937 1461 968 1513 et
994 1451 1175 1533 Amphiarai

57 1585 130 1627 cum
155 1562 293 1623 Boeotia
317 1561 498 1646 conjunctio
523 1581 562 1623 eo
587 1563 678 1623 etiam
701 1559 738 1623 fit
762 1565 890 1639 arctior,
915 1550 1004 1646 quod
1026 1563 1175 1645 Amphia-

57 1677 103 1739 rai
126 1677 160 1737 in
183 1674 321 1736 Boeotia
345 1671 508 1735 oraculum
530 1671 627 1734 luisse
652 1671 870 1756 constat²⁰⁹).

148 1778 321 1868 Reliquum
353 1794 414 1863 est,
447 1794 482 1847 ut
510 1783 724 1846 Herculem
748 1805 1001 1863 commemorem,
1034 1806 1174 1868 quocum

60 1907 222 1983 postremo
255 1895 363 1959 Ulixes
393 1895 597 1978 colloquitur.
645 1895 750 1979 Quem
783 1920 853 1960 cum
886 1896 1071 1959 Thebanum
1104 1918 1174 1960 esse

64 2018 174 2070 notum
196 2011 246 2088 sit,
274 2018 373 2071 totam
401 2005 475 2069 libri
499 2006 669 2091 Odysseae
692 2007 850 2070 undecimi
877 2013 1035 2070 materiam
1060 2020 1090 2070 et
1113 2010 1174 2069 Mi-

62 2139 194 2204 nyarum
223 2130 253 2183 et
287 2118 512 2183 Thebanorum
548 2118 664 2181 fabulis
700 2131 845 2183 constare
874 2120 1034 2204 intelligis,
1068 2139 1173 2203 neque

61 2232 220 2316 profecto,
251 2235 327 2316 quin
356 2233 489 2295 Boeotis
513 2254 532 2294 a
553 2233 691 2296 Boeotio
715 2244 812 2317 poeta
840 2230 919 2296 illud
947 2253 1072 2295 carmen
1094 2232 1175 2294 reci-

61 2351 160 2406 tatum
181 2344 283 2423 luerit,
304 2342 474 2408 dubitabis

140 2589 203 2663 ²⁰⁴)
240 2592 312 2665 apud
325 2591 415 2649 Schol.
427 2592 513 2670 Vulg.
525 2591 560 2668 Q.
572 2611 598 2649 v.
613 2591 677 2648 326.
694 2593 730 2648 cf.
742 2591 864 2648 Nitzsch.
874 2590 894 2647 l.
906 2591 925 2646 l.
936 2591 1001 2649 Vol.
1010 2592 1061 2646 ΙΙΙ.
1071 2611 1098 2666 p.
1108 2596 1170 2647 255.

141 2698 202 2771 ²⁰⁵)

239 2701 336 2756 Totam
356 2700 390 2756 de
410 2702 541 2778 Eriphyla
561 2715 588 2757 et
613 2702 782 2775 Amphiarao
803 2702 943 2756 historiam
969 2722 1079 2755 carmen
1105 2699 1173 2754 illud

69 2788 196 2865 cyclicum
215 2792 324 2846 videtur
343 2795 520 2858 continuisse,
541 2794 616 2867 quod
633 2791 787 2861 Ἀμφιαράου
805 2792 914 2865 ἐξέλασις
933 2790 1123 2864 appellabatur·
1146 2800 1174 2842 et

71 2880 100 2934 ab
117 2883 236 2937 Homero
256 2882 316 2956 ipso
335 2884 407 2938 inter
429 2885 542 2937 Boeotos
566 2883 749 2956 compositum
773 2901 829 2936 esse
848 2882 999 2936 dicebatur.
1032 2880 1068 2933 cf.
1088 2898 1174 2952 snpra

10 2978 14 2989 “
72 2973 198 3033 not.167.
220 2973 361 3044 Welcher.
383 2975 492 3050 Episch.
514 2973 593 3051 Cycl.
615 2995 642 3050 p.
665 2979 718 3028 200
737 2994 798 3048 sqq.
1010 3048 1013 3055 Ι

139 3081 200 3157 ²⁰⁶)
238 3082 274 3139 cl.
290 3081 324 3137 Il.
341 3083 394 3149 IV,
415 3082 541 3158 ³76sqq.
582 3084 669 3159 Cujus
689 3083 754 3138 belli
773 3081 864 3137 fabula
883 3083 965 3136 ctiam
987 3082 1106 3154 Minyas,
1125 3079 1175 3152 qui
1229 3088 1234 3099 ·

77 3171 192 3229 auxilium
212 3174 352 3228 Thebanis
372 3174 508 3242 tulissent,
528 3176 769 3230 commemorabat.
790 3174 825 3228 cf.
847 3175 963 3227 Pausan.
979 3172 1030 3224 IX.
1046 3177 1074 3234 9,
1091 3177 1117 3222 1.

140 3282 200 3356 ²⁰⁷)
240 3282 276 3336 cs.
297 3283 382 3357 Soph.
404 3283 503 3340 Electr.
527 3285 579 3340 836
597 3305 658 3359 sqq.
683 3285 750 3358 ibiq.
780 3281 871 3338 Schol.
899 3280 1040 3336 Welcker.
1061 3277 1172 3353 Episch.

141 3482 201 3555 ²⁰⁸)
239 3482 275 3536 cf.
297 3481 352 3538 Od.
373 3483 441 3552 XV,
462 3480 515 3539 244
534 3505 594 3560 sqq.
622 3484 715 3541 Schol.
737 3484 771 3539 ad
790 3482 848 3549 XI,
877 3482 940 3538 326.
967 3481 1097 3557 Apollod.
1120 3481 1172 3534 Ill.

10 3631 19 3652 ,
82 3564 128 3634 ⁶22
139 3586 164 3629 et
179 3580 203 3629 8.
226 3573 318 3648 Heyn.
335 3573 417 3632 Obss.
439 3596 468 3651 p.
488 3573 552 3632 245.
568 3582 632 3631 252.
667 3578 775 3632 Dissen.
796 3575 826 3629 in
845 3572 966 3630 Boechh.
985 3568 1172 3644 Pindlhrpll.

10 3652 24 3747 ’ζ
81 3673 103 3730 p·
113 3658 160 3720 455
173 3684 234 3741 sqq.
901 3653 904 3659 ’

140 3772 200 3846 ²⁰⁹)
237 3774 273 3830 cf.
298 3775 417 3827 Pausan.
438 3773 461 3826 I.
483 3771 529 3838 34,
545 3778 572 3828 2.
599 3772 662 3846 (IX.
685 3777 718 3837 8,
738 3772 767 3840 2)
793 3769 874 3823 Pind.
896 3768 977 3823 Nem.
999 3766 1042 3830 X,
1064 3772 1089 3820 8.
1120 3764 1178 3817 He*

28 3872 38 3923 .“
80 3861 128 3917 md.
141 3866 222 3930 Vttl,
239 3861 302 3920 134.
342 3864 436 3917 Daris.
458 3863 492 3917 ad
512 3863 572 3920 Cic.
589 3863 623 3916 de
636 3861 722 3916 divin.
740 3861 765 3925 I,
780 3855 825 3912 40.
847 3858 883 3915 O.
900 3855 1023 3916 Mueller.
1041 3854 1172 3911 Orchom.

79 3960 101 4015 P·
120 3948 178 4010 146.
199 3952 253 4011 486
268 3976 309 4030 sq.
335 3952 454 4010 Boechh.
482 3952 573 4026 Expll.
595 3953 675 4007 Pind.
697 3971 725 4027 p.
748 3954 801 4003 212
820 3968 881 4022 sqq.
920 3947 1019 4000 Dissen
1039 3946 1072 4000 ad
1093 3945 1173 4000 Piud.

78 4030 149 4114 Pyth.
175 4048 261 4114 Vlll,
287 4043 323 4101 40
350 4057 377 4102 et
397 4045 477 4100 Nem.
500 4045 553 4110 lX,
580 4047 625 4097 25.
670 4041 705 4099 C.
732 4042 917 4110 Eckermann,
941 4036 1094 4114 Melampus
1118 4036 1177 4095 und

10 4102 13 4149 i
76 4133 125 4194 lein
142 4135 313 4196 Geschlecht.
353 4135 480 4212 Gotting.
498 4130 577 4191 1840.
599 4151 627 4207 p.
648 4127 685 4188 64
702 4151 763 4209 sqq.
