2842 4898
414 1025 774 1185 nnoonnrun.

512 1339 666 1357 μ-

131 1577 194 1659 puis
223 1580 372 1637 accurate
393 1569 461 1634 vult
490 1568 529 1634 de
556 1567 854 1654 interpolationibus
881 1569 1039 1656 judicare,
1068 1594 1148 1658 quas

131 1692 225 1754 umeri
256 1685 447 1750 carminibus
475 1687 579 1749 inesse
602 1694 738 1747 constat:
766 1686 793 1748 is
817 1681 933 1749 subtile
956 1686 1148 1752 rationibus-

131 1800 344 1865 confirmatum
368 1796 408 1862 de
435 1797 549 1860 horum
574 1798 744 1859 carminum
767 1799 888 1880 origine
910 1795 1064 1882 judicium
1087 1797 1149 1863 sibi

131 1915 269 1976 »araverit
295 1931 426 1974 neeesse
455 1917 511 1972 est.
556 1908 640 1971 Nam
668 1929 739 1970 cum
762 1907 920 1990 permulta
942 1919 974 1971 et
995 1912 1028 1972 in
1050 1909 1149 1973 lliade

152 2021 304 2106 Odyssea
325 2024 536 2103 inveniantur,
565 2041 647 2103 quae
671 2027 726 2080 aut
749 2039 821 2079 cum
843 2016 941 2080 rebus
964 2017 1040 2082 alibi
1062 2041 1149 2085 com-

131 2136 222 2196 oratis
246 2131 433 2215 discrepent,
455 2139 509 2192 aut
531 2129 624 2192 alium
649 2126 807 2214 quendam
831 2127 986 2206 colorem,
1008 2133 1150 2215 vigorem

131 2265 276 2328 »rumque
299 2264 392 2306 usum
414 2263 491 2325 prae
514 2263 548 2304 se
571 2242 687 2304 lerant:
716 2249 847 2323 apparet
869 2239 1075 2305 haecomnia
1103 2246 1151 2305 in-

131 2359 170 2419 eti
197 2353 319 2438 aliquid
347 2354 534 2417 offensionis
559 2349 732 2432 praebere,
759 2372 840 2434 quae
868 2371 934 2413 non
962 2373 1087 2436 semper
1108 2355 1152 2415 ita

132 2489 188 2541 ur,
210 2475 249 2525 ut
271 2467 342 2524 sive
361 2481 474 2522 versus
498 2458 637 2542 aliquos,
663 2461 728 2522 sive
749 2482 888 2547 magnam
912 2466 1056 2528 carminis
1079 2486 1151 2548 par-

130 2571 318 2657 interpolata
341 2593 410 2635 esse
434 2590 627 2634 censeamus.
673 2569 772 2654 Quod
795 2577 920 2658 cuique,
944 2578 999 2659 qui
1020 2573 1151 2660 diligen.

131 2706 191 2749 aec
214 2687 352 2748 carmina
373 2684 741 2767 pervestigent-notum
764 2695 811 2747 est
834 2707 939 2769 neque
955 2685 1151 2750 demonstra-

152 2794 280 2879 indiget.
298 2795 328 2877 ¹)
372 2793 410 2856 ld
431 2799 536 2856 tamen
557 2815 655 2857 unum
677 2795 740 2859 hnc
761 2795 836 2859 loco
857 2805 1031 2872 moneatur,
1054 2796 1152 2857 multa

131 2929 145 2970 e
174 2910 207 2970 in
236 2904 406 2990 Odysseae
433 2907 537 2990 prima¹
561 2913 592 2969 et
616 2916 777 2990 postrema
803 2916 906 2989 parte,
943 2927 1025 2991 quae
1053 2906 1150 2983 rebus

137 3017 263 3082 alibro
289 3019 401 3101 quinto
423 3037 526 3101 usque
548 3016 589 3080 ad
611 3016 836 3081 duodecimum
858 3023 990 3080 narratis
1012 3039 1078 3081 non
1098 3038 1152 3079 so-

136 3150 204 3192 non
233 3137 420 3212 congruant,
447 3126 502 3192 sed
526 3132 619 3193 etiam
641 3131 798 3191 contraria
820 3126 995 3187 videantur.
1041 3126 1153 3209 ltaque

144 3240 225 3302 baec
253 3247 284 3300 et
306 3236 475 3303 verborum
498 3249 529 3304 et
547 3223 778 3304 'sententiarum
802 3244 834 3299 et
859 3258 966 3300 rerum
990 3234 1153 3301 diversitas

140 3349 291 3433 explicari
313 3353 433 3432 nequit,
454 3360 490 3414 ut
512 3351 644 3414 Homeri
668 3352 804 3413 carmina
826 3347 1015 3432 interpolata
1037 3349 1154 3412 babea-

143 3482 250 3545 neque
275 3459 446 3545 quidquam
468 3465 543 3524 satis
568 3464 646 3525 certi
669 3483 706 3523 ac
728 3459 858 3543 probati
881 3459 922 3541 dhe
944 3461 1087 3523 Homero
1103 3481 1154 3522 re-

131 3596 155 3651 r,
187 3571 245 3636 sed
274 3571 429 3656 plurimae
463 3571 503 3636 de
533 3573 628 3658 hujus
657 3581 773 3655 poetae
804 3578 836 3633 et
862 3573 965 3653 patria
995 3581 1026 3634 et
1053 3579 1155 3643 aetate

131 3705 225 3762 nones,
255 3705 388 3769 quarum
411 3703 625 3769 unaquaeqne
648 3682 751 3764 magni
777 3676 913 3762 alicujus
935 3678 995 3738 viri
1018 3677 1162 3739 auctori*

131 3798 320 3878 rsequitur,
348 3803 485 3858 exstant:
514 3794 592 3857 nihil
618 3793 685 3855 fere
708 3787 804 3853 nobis
833 3795 881 3850 est
902 3785 1074 3868 reliquum,
1096 3786 1158 3849 nisi

131 3958 134 3967 .
155 3907 190 3969 F.
201 3907 240 3969 A.
252 3904 384 3988 Wolfii
406 3907 466 3969 viri
489 3903 530 3979 de
552 3905 600 3967 bis
623 3898 736 3967 studiis
759 3899 876 3984 optime
898 3897 1010 3978 meriti,
1032 3904 1157 3963 senten-

131 4124 147 4193 )
183 4121 221 4180 cf.
242 4104 330 4180 libros
347 4131 409 4181 not.
427 4125 448 4184 9
465 4116 541 4177 land.

937 4217 953 4266 1
