2842 4898
610 355 658 429 53

69 537 159 602 ribus
182 538 319 602 carmina
342 536 568 619 coalescerent,
592 549 624 605 et
646 543 857 627 compositum
875 547 953 610 etin
968 538 1096 613 Naeuiae
1118 541 1187 608 illa:

70 658 136 714 tum
159 670 230 715 esse
251 647 495 736 perspexi¹²⁷).

515 783 545 826 v.
571 763 739 828 565-600.

71 893 145 935 cum
166 871 326 938 veteribus
354 872 560 959 grammaticis
587 873 796 960 plurimisque
825 878 1006 941 criticorum
1027 878 1184 944 recentio-

70 1004 139 1046 rum
161 1003 223 1069 pro
246 986 455 1070 supposititiis
478 983 583 1049 habeo
599 982 688 1071 ί2“);
712 989 745 1050 in
769 1008 906 1072 quorum
928 991 1069 1053 virorum
1092 1011 1185 1075 argu-

71 1097 182 1158 mentis
204 1097 407 1180 acquiescere
428 1098 462 1160 in
482 1099 661 1183 praesentia
683 1098 757 1162 mihi
780 1098 983 1164 commodum
1007 1098 1152 1182 est¹²⁹).

563 1252 593 1293 v.
616 1230 692 1295 631.

274 1337 378 1417 Θησέα.
397 1335 537 1430 nuptiali
557 1366 598 1420 rr,
615 1338 684 1408 θεῶν
705 1339 838 1430 ἐρικυδέα
860 1339 957 1409 τέκνα..

33 1552 36 1557 .
74 1472 276 1537 aPisistrato
305 1476 505 1539 intersertum
537 1496 608 1552 esse
635 1475 757 1541 Heroas
788 1475 883 1540 tradit
911 1475 998 1561 apud
1025 1473 1183 1540 Plutarch.

74 1581 165 1648 Theo.
189 1587 248 1648 20:

228 1714 326 1788 Δεινδς
344 1715 405 1806 γαίρ
423 1746 475 1804 μιν
494 1716 591 1807 ἔτειρεν
611 1718 679 1809 ἔρως
697 1716 880 1796 Πανοπηΐδος
898 1717 1021 1808 Αἴγλης.

76 1847 168 1915 Τοῦτο
194 1844 253 1935 peip
279 1845 312 1918 rl
337 1849 405 1925 ἔπος
430 1852 464 1920 ἐκ
488 1852 545 1921 τῶν
568 1852 705 1924 ‘Hrrc'lrv
724 1852 932 1946 Πεισίστρατον
956 1850 1065 1944 ἐξελεῖν
1092 1858 1184 1941 φησιν

10 2030 21 2043 Ι
75 1957 174 2047 Ἡρέας
193 1963 206 2029 ὁ
228 1959 392 2051 Μεγαρεύς.
434 1961 526 2054 ὥςπερ
552 1961 594 2034 αὖ
620 1959 714 2032 πάλιν
740 1965 890 2054 ἔμβαλεΐν
915 1964 953 2036 εἷς
975 1961 1025 2039 τὴν
1046 1957 1182 2050 Ὀμήρου

77 2068 185 2140 tecvm
202 2069 247 2141 τί·
274 2072 378 2150 Θησέα
393 2072 535 2163 Πειρίθοόν
553 2101 586 2141 rr
603 2087 673 2140 κτλ.

159 2205 274 2293 Neque
302 2211 370 2274 scio
399 2229 440 2273 an
467 2206 552 2273 idem
580 2208 745 2272 Pisistrato
778 2205 981 2272 tribuendum
1010 2208 1065 2287 sit,
1092 2205 1184 2298 quod

79 2314 291 2400 Onomacrito,
315 2343 409 2407 quem
433 2343 505 2385 cum
527 2319 648 2385 scholia
671 2317 812 2385 dicerent
833 2318 888 2383 illa
910 2318 950 2383 de
972 2318 1113 2382 Hercule
1134 2320 1183 2381 in-

78 2435 118 2492 ter
146 2428 227 2495 deos
255 2431 356 2494 relato
383 2432 482 2494 verba
504 2436 537 2494 in
558 2433 733 2496 Homerum
759 2428 918 2508 intulisse,
945 2426 1098 2513 rhapsodi
1126 2425 1182 2490 ali-

77 2542 163 2626 cujus
193 2537 292 2601 Attici
316 2536 392 2601 loco
419 2543 613 2605 nominatum
641 2563 711 2607 esse
729 2541 875 2607 ¹vidimus
890 2538 975 2624 ¹⁵⁰).
1022 2532 1124 2625 Quod
1154 2539 1183 2602 si

77 2648 113 2713 ita
138 2657 194 2726 est,
216 2669 325 2710 versus
347 2647 400 2714 ille
423 2650 463 2715 de
481 2653 606 2719 Theseo
629 2654 838 2740 Pirithooque
854 2657 983 2719 omnino
998 2651 1183 2720 Atheniensi

10 2759 12 2764 ’
79 2756 412 2847 ε1ἰοιιίῥάεοτὶὴθιιᾶιιε
435 2772 490 2824 est.
536 2763 673 2837 Etenim,
699 2772 736 2823 ut
757 2783 840 2844 quae
863 2759 1048 2847 supra¹³¹)
1072 2744 1181 2849 dispas

14 2906 19 2916 ·
81 2873 134 2935 tavi
153 2878 303 2954 repetam,
327 2889 398 2930 cum
421 2870 453 2930 in
475 2868 619 2930 Homero
641 2865 752 2930 litteris
774 2865 990 2951 consignando
1013 2865 1184 2950 probabile

85 2982 116 3045 sit
132 2982 327 3047 Pisistratum
349 2977 516 3063 rhapsodis
539 2979 670 3050 maxime
684 2979 796 3043 Atticis
819 2999 911 3042 usum
928 2999 1007 3056 esse,
1028 2976 1100 3042 fieri
1113 2997 1182 3043 non

32 3168 41 3181 ,
87 3103 208 3174 poterat,
237 3095 316 3177 quin
344 3093 367 3154 ii
387 3089 467 3170 loci,
491 3092 547 3175 qui
569 3111 588 3154 a
608 3087 776 3175 rhapsodis
797 3088 859 3153 illis
882 3088 923 3153 ad
944 3090 1096 3174 majorem
1119 3107 1181 3171 po-

87 3203 142 3284 puli
161 3203 403 3269 delectationem
424 3205 457 3265 in
471 3202 647 3265 Homerum
668 3203 778 3263 inserti
798 3208 896 3278 erant,
918 3201 952 3262 in
965 3198 1181 3262 Pisistrateum

90 3364 274 3382 5—-

10 3522 12 3533 .
99 3508 102 3513 ·
148 3474 207 3546 ¹²⁷)
244 3473 369 3530 cs.ins1·a
388 3476 542 3547 p.55sqq.

10 3555 49 3660 [oq
147 3568 206 3641 ¹²⁸)
243 3568 302 3627 Cur
313 3565 459 3624 Herculem
478 3567 513 3624 de
524 3566 576 3623 hac
587 3563 693 3630 ἀθετήσει
706 3564 852 3621 exemerim
866 3564 953 3621 fusius
964 3582 1048 3639 supra
1059 3561 1178 3638 CaplI.

92 3660 223 3730 expositum
243 3671 293 3715 est.

149 3753 208 3827 ¹²⁹)
244 3754 279 3810 cs.
295 3751 386 3809 Schol.
406 3753 440 3807 ad
455 3772 480 3807 v.
495 3751 559 3808 568.
574 3754 638 3811 570.
654 3752 718 3810 577.
733 3754 797 3810 593.
818 3746 909 3804 Schol.
921 3747 992 3805 Ven.
1008 3745 1098 3804 Catal.
1115 3741 1176 3800 tol.

93 3834 212 3916 turm
233 3842 326 3902 suot.
341 3843 424 3899 Pind.
444 3842 491 3902 01.
511 3843 536 3910 1,
550 3844 586 3904 97
606 3841 654 3912 (cs.
668 3839 756 3896 wolf.
777 3838 902 3916 rmugg.
918 3859 946 3915 p.
961 3837 1101 3898 cccxx.
1116 3847 1177 3893 not.

94 3926 139 4003 ⁵⁶).
158 3934 189 3990 B.
204 3933 345 3991 Thiersch.
370 3933 512 4009 Urgestalt
535 3934 563 3988 d.
579 3931 681 4008 Odysa.
696 3952 725 4007 p.
739 3931 775 3993 69
787 3950 849 4006 sqq.
877 3933 930 3988 Ad.
946 3931 1098 3987 Hermann.
1116 3926 1137 3984 l.
1156 3926 1176 3985 l.

10 4041 53 4098 ug·
70 4093 74 4103 Ι
93 4028 117 4085 P·
125 4026 163 4080 16.
178 4033 210 4083 18
221 4045 281 4101 sqq.
304 4025 425 4082 Nitzsch.
441 4025 460 4079 l.
476 4023 496 4081 l.
512 4022 578 4084 Vol.
593 4023 646 4080 ΙΙΙ.
661 4043 690 4099 p.
707 4018 760 4079 304
775 4041 835 4098 sqq.

10 4105 68 4175 11⁵⁶l
153 4119 211 4193 ¹³⁰)
246 4120 335 4196 Supra
354 4141 382 4196 p.
399 4116 444 4176 tt.

80 4206 86 4289 'g
154 4211 211 4286 ¹³¹)
247 4235 275 4290 p.
291 4211 336 4270 llll.
