2842 4898
702 337 749 408 10

252 518 456 606 Quamquam
482 540 550 586 non
578 518 683 585 solum
711 518 885 607 catalogus
899 518 953 586 ille
975 519 1275 607 interpolationibus

162 641 211 697 est
237 633 461 718 amplificatus,
488 655 598 697 verum
622 636 713 696 etiam
737 631 789 697 alii
810 631 938 702 Neruius
967 632 1033 697 loci
1056 644 1188 712 exstant,
1217 636 1274 719 qui

163 755 217 810 eut
244 744 410 832 rhapsodis
440 754 494 809 aut
521 744 602 823 aliis,
632 729 815 830 neutiquam
842 765 920 809 vero
952 747 1056 830 primo
1086 746 1171 810 illius
1198 743 1272 809 libri

163 856 322 922 conditori
343 856 504 921 tribuendi
525 855 699 922 videantur.
745 855 854 941 Quare
877 858 985 922 nescio
1003 879 1043 920 an
1059 856 1148 920 nulla
1169 858 1274 941 possit

161 970 295 1032 inveniri
317 972 458 1048 materia,
482 991 565 1053 quae
587 979 751 1048 tractetur,
774 965 898 1054 dignior
921 977 951 1032 et
974 966 1016 1033 ad
1037 966 1071 1033 id
1093 966 1183 1053 quod
1198 967 1272 1031 mihi

160 1082 317 1163 proposui
345 1078 623 1141 demonstrandum
652 1083 764 1162 aptior.
808 1080 970 1144 Disseram
1003 1083 1095 1164 igitur
1122 1077 1163 1144 de
1197 1077 1274 1143 libri

91 1235 94 1243 .
159 1186 334 1272 Odysseae,
350 1184 508 1248 undecimi
529 1183 675 1246 versibus
697 1191 921 1266 supposititiis,
950 1188 1066 1268 quibus
1089 1193 1274 1255 examinatis

157 1297 246 1361 illum
269 1295 384 1360 librum
406 1293 562 1379 singulare
584 1291 755 1377 aliquando
771 1313 902 1355 carmen
918 1296 1118 1355 constituisse
1134 1294 1273 1362 demon-

159 1408 284 1489 strabo;
306 1431 409 1497 pauca
431 1407 569 1494 denique
591 1404 632 1471 'de
655 1405 749 1492 hujus
772 1403 914 1466 carminis
936 1402 1036 1487 patria
1057 1401 1228 1486 proferam.

610 1603 814 1616 ψ-

633 1757 726 1834 Cnr.
754 1759 787 1834 Ι.

154 1920 213 1984 DE
234 1913 465 2015 ELPENORE
492 1911 724 1984 NARRATlO
747 1860 1038 1982 EXANUNATUR
1065 1918 1110 2000 (v.
1127 1916 1266 2007 lii-83).

663 2058 770 2119 ’marva
784 2057 828 2105 aas
839 2049 904 2113 taso
915 2056 956 2100 tut
972 2054 1038 2117 tiro
1050 2053 1160 2116 ratenus
1256 2116 1259 2122 .

1046 2142 1064 2168 v.
1079 2125 1112 2172 57.
1133 2140 1135 2144 ”

636 2205 783 2220 m

668 2306 697 2392 §.
723 2309 752 2371 i.

241 2433 375 2514 Fabula,
399 2457 482 2520 quae
505 2430 545 2499 de
558 2430 661 2500 Ulixis
684 2417 846 2496 erroribus
870 2431 1045 2516 composita
1063 2439 1118 2511 est,
1141 2431 1175 2496 id
1191 2433 1265 2498 milri

152 2546 297 2631 'spectare
320 2524 525 2620 videtursut
546 2543 709 2631 imaginem
733 2530 883 2625 praebeat
907 2543 1058 2621 bominis,
1087 2548 1144 2628 qui
1166 2546 1265 2610 multa

152 2659 303 2739 variaque
325 2652 481 2739 pericula,
505 2634 847 2742 quae-ei,'quominus
871 2650 966 2716 linem
990 2633 1163 2738 appetitum
1188 2681 1264 2723 con·

153 2764 318 2854 sequatur,
348 2749 551 2857 objiciantur,
581 2767 720 2829 omnium
748 2774 780 2830 et
808 2767 900 2827 animi
928 2774 959 2828 et
983 2742 1126 2850 corporis
1149 2771 1262 2837 virium

154 2882 356 2945 contentione
386 2877 560 2942 aut³vitare
589 2887 643 2940 aut
670 2875 857 2961 propulsare
888 2862 1050 2940 conetur(
1075 2877 1150 2943 Sive
1181 2885 1261 2945 enim

152 2986 259 3079 fabula
288 2989 341 3052 illa
368 2985 557 3051 desiderium
585 2990 705 3073 patriae
733 2990 799 3050 sive
822 2987 947 3050 humani
974 2991 1088 3072 ingenii
1112 2990 1261 3057 callidita-

151 3088 215 3193 tem
238 3111 269 3165 et
290 3077 507 3192 fortitudinem
520 3101 594 3179 sive
606 3099 747 3163 'hominis
763 3120 835 3184 erga
851 3085 979 3193 uxorein
994 3097 1159 3186 liliumque
1176 3124 1260 3170 amo-

151 3234 218 3277 rem
241 3216 317 3276 sive‘
336 3209 425 3274 aliam
449 3209 606 3301 quandam
628 3209 953 3303 virtutempcel'ebrari
977 3213 1200 3303 existimamus:
1230 3213 1264 3281 id

152 3320 243 3385 lacile
266 3321 457 3408 intelligitur,
471 3297 622 3406 ¹pericula
642 3321 694 3385 illa
711 3343 750 3385 eo
766 3321 852 3385 Ulixi
870 3322 1002 3387 consilio
1019 3327 1164 3407 opposita
1180 3336 1265 3407 esse,

151 3428 188 3496 'ut
210 3453 282 3495 eum
306 3444 359 3520 aut
377 3424 408 3498 vi
431 3435 627 3517 supprimere
650 3454 687 3495 ac
708 3430 844 3518 perdere
868 3443 929 3511 aut,
953 3411 987 3498 ut
1011 3422 1136 3519 patriae,
1158 3433 1263 3502 Pene-

138 3533 254 3628 lopae,
277 3543 397 3609 reditus
421 3542 650 3624 obliviscatur,¹
663 3540 715 3628 ⁷⁰)
737 3543 953 3628 voluptatibus
969 3523 1090 3610 irretire
1105 3544 1262 3614 studeant

151 3656 265 3742 Itaque
293 3653 341 3721 ad.
360 3658 448 3739 prius
472 3656 686 3741 periculorum
710 3677 807 3742 genus
831 3678 868 3719 ea
890 3655 1054 3730 relerenda
1076 3666 1150 3721 sunt
1172 3661 1262 3740 mala,

152 3788 234 3853 quae
262 3766 370 3830 Ulixes
394 3767 479 3852 apud
503 3766 657 3845 Cicones,
688 3767 934 3852 Laestrygones,
957 3767 1191 3853 Polyphemum
1217 3775 1263 3836 in-

149 3888 262 3962 terque
284 3878 426 3964 Scyllam
449 3890 480 3944 et
501 3876 689 3964 Charybdin
712 3875 810 3952 subit;
833 3881 1018 3963 posterioris
1042 3891 1145 3942 autern
1169 3903 1261 3967 gene-

150 3986 194 4055 ris
216 3968 454 4054 sollicitationes
477 4000 552 4055 sunt
575 4012 644 4072 eae,
673 4011 756 4076 quae
779 4012 798 4052 a
819 3989 1022 4079 Lotophagis,
1050 3987 1154 4073 Circa,
1178 3994 1263 4060 Sire-

228 4148 293 4287 ω’)
310 4150 366 4248 set.
386 4187 440 4258 1x,
459 4183 496 4252 94
514 4208 575 4266 qq.
596 4189 636 4259 x,
656 4189 719 4248 est.
739 4190 794 4259 111,
813 4193 849 4252 29
867 4205 929 4263 sqq·
1009 4278 1012 4283 ,
