<?xml version="1.0" encoding="UTF-8"?>
<!DOCTYPE html PUBLIC "-//W3C//DTD XHTML 1.0 Transitional//EN"
    "http://www.w3.org/TR/xhtml1/DTD/xhtml1-transitional.dtd">
<html xmlns="http://www.w3.org/1999/xhtml" xml:lang="en" lang="en">
 <head>
  <title>
</title>
<meta http-equiv="Content-Type" content="text/html;charset=utf-8" />
  <meta name='ocr-system' content='tesseract 3.04.00' />
  <meta name='ocr-capabilities' content='ocr_page ocr_carea ocr_par ocr_line ocrx_word'/>
</head>
<body>
  <div class='ocr_page' id='page_1' title='image "./quaestioneshome00lauegoog_0048.png"; bbox 0 0 2842 4898; ppageno 0'>
   <div class='ocr_carea' id='block_1_1' title="bbox 680 304 741 381">
    <p class='ocr_par' dir='ltr' id='par_1_1' title="bbox 680 304 741 381">
     <span class='ocr_line' id='line_1_1' title="bbox 680 304 741 381; baseline -0.016 0"><span class='ocrx_word' id='word_1_1' title='bbox 680 304 741 381; x_wconf 70' lang='lat'>-25</span> 
     </span>
    </p>
   </div>
   <div class='ocr_carea' id='block_1_2' title="bbox 149 489 1270 912">
    <p class='ocr_par' dir='ltr' id='par_1_2' title="bbox 149 489 1270 912">
     <span class='ocr_line' id='line_1_2' title="bbox 151 489 1270 579; baseline -0.001 -18"><span class='ocrx_word' id='word_1_2' title='bbox 151 493 284 561; x_wconf 74' lang='lat' dir='ltr'>fecerim</span> <span class='ocrx_word' id='word_1_3' title='bbox 305 493 508 577; x_wconf 81' lang='lat' dir='ltr'><strong>opinionem,</strong></span> <span class='ocrx_word' id='word_1_4' title='bbox 536 511 609 555; x_wconf 90' lang='lat' dir='ltr'>cum</span> <span class='ocrx_word' id='word_1_5' title='bbox 632 499 665 556; x_wconf 90' lang='lat' dir='ltr'>et</span> <span class='ocrx_word' id='word_1_6' title='bbox 686 489 804 557; x_wconf 91' lang='lat' dir='ltr'>multae</span> <span class='ocrx_word' id='word_1_7' title='bbox 825 492 953 576; x_wconf 80' lang='lat' dir='ltr'><strong>possint</strong></span> <span class='ocrx_word' id='word_1_8' title='bbox 973 489 1051 557; x_wconf 90' lang='lat' dir='ltr'>aliae</span> <span class='ocrx_word' id='word_1_9' title='bbox 1072 492 1270 579; x_wconf 83' lang='lat' dir='ltr'>interpolati-</span> 
     </span>
     <span class='ocr_line' id='line_1_3' title="bbox 155 602 1269 690; baseline 0.001 -20"><span class='ocrx_word' id='word_1_10' title='bbox 155 609 225 671; x_wconf 89' lang='lat' dir='ltr'>onis</span> <span class='ocrx_word' id='word_1_11' title='bbox 254 614 385 668; x_wconf 89' lang='lat' dir='ltr'>nostrae</span> <span class='ocrx_word' id='word_1_12' title='bbox 414 605 550 688; x_wconf 82' lang='lat' dir='ltr'>origines</span> <span class='ocrx_word' id='word_1_13' title='bbox 578 605 755 688; x_wconf 80' lang='lat' dir='ltr'>excogitari,</span> <span class='ocrx_word' id='word_1_14' title='bbox 785 614 816 667; x_wconf 90' lang='lat' dir='ltr'>et</span> <span class='ocrx_word' id='word_1_15' title='bbox 838 603 947 667; x_wconf 92' lang='lat' dir='ltr'>locum</span> <span class='ocrx_word' id='word_1_16' title='bbox 970 602 1106 688; x_wconf 85' lang='lat' dir='ltr'>aliquem</span> <span class='ocrx_word' id='word_1_17' title='bbox 1128 608 1269 690; x_wconf 91' lang='lat' dir='ltr'>ineptum</span> 
     </span>
     <span class='ocr_line' id='line_1_4' title="bbox 152 713 1268 800; baseline 0.001 -19"><span class='ocrx_word' id='word_1_18' title='bbox 152 738 264 800; x_wconf 89' lang='lat' dir='ltr'>neque</span> <span class='ocrx_word' id='word_1_19' title='bbox 288 714 354 779; x_wconf 87' lang='lat' dir='ltr'>ulla</span> <span class='ocrx_word' id='word_1_20' title='bbox 370 716 490 779; x_wconf 86' lang='lat' dir='ltr'>ratione</span> <span class='ocrx_word' id='word_1_21' title='bbox 509 734 579 779; x_wconf 91' lang='lat' dir='ltr'>cum</span> <span class='ocrx_word' id='word_1_22' title='bbox 603 724 717 777; x_wconf 91' lang='lat' dir='ltr'>natura·</span> <span class='ocrx_word' id='word_1_23' title='bbox 738 723 834 796; x_wconf 87' lang='lat' dir='ltr'>atque</span> <span class='ocrx_word' id='word_1_24' title='bbox 856 713 966 779; x_wconf 90' lang='lat' dir='ltr'>indole</span> <span class='ocrx_word' id='word_1_25' title='bbox 985 720 1138 799; x_wconf 89' lang='lat' dir='ltr'>poematis</span> <span class='ocrx_word' id='word_1_26' title='bbox 1151 739 1268 783; x_wconf 88' lang='lat' dir='ltr'>conve-</span> 
     </span>
     <span class='ocr_line' id='line_1_5' title="bbox 149 823 1020 912; baseline -0.001 -20"><span class='ocrx_word' id='word_1_27' title='bbox 149 830 297 899; x_wconf 77' lang='lat' dir='ltr'>nientem</span> <span class='ocrx_word' id='word_1_28' title='bbox 319 827 506 912; x_wconf 82' lang='lat' dir='ltr'>cognovisse</span> <span class='ocrx_word' id='word_1_29' title='bbox 529 828 659 890; x_wconf 91' lang='lat' dir='ltr'>omnino</span> <span class='ocrx_word' id='word_1_30' title='bbox 682 823 831 889; x_wconf 88' lang='lat' dir='ltr'>sulficere</span> <span class='ocrx_word' id='word_1_31' title='bbox 853 823 1020 892; x_wconf 63' lang='lat' dir='ltr'>videatne</span> 
     </span>
    </p>
   </div>
   <div class='ocr_carea' id='block_1_3' title="bbox 599 1076 805 1092">
    <p class='ocr_par' dir='ltr' id='par_1_3' title="bbox 599 1076 805 1092">
     <span class='ocr_line' id='line_1_6' title="bbox 599 1076 805 1092; baseline 0.01 -2"><span class='ocrx_word' id='word_1_32' title='bbox 599 1076 805 1092; x_wconf 45' lang='lat' dir='ltr'>m</span> 
     </span>
    </p>
   </div>
   <div class='ocr_carea' id='block_1_4' title="bbox 624 1274 795 1350">
    <p class='ocr_par' dir='ltr' id='par_1_4' title="bbox 624 1274 795 1350">
     <span class='ocr_line' id='line_1_7' title="bbox 624 1274 795 1350; baseline 0.006 -1"><span class='ocrx_word' id='word_1_33' title='bbox 624 1274 715 1350; x_wconf 74' lang='lat' dir='ltr'>Cer.</span> <span class='ocrx_word' id='word_1_34' title='bbox 744 1276 795 1350; x_wconf 86' lang='grc' dir='ltr'>ΙΙ.</span> 
     </span>
    </p>
   </div>
   <div class='ocr_carea' id='block_1_5' title="bbox 191 1451 1223 1553">
    <p class='ocr_par' dir='ltr' id='par_1_5' title="bbox 191 1451 1223 1553">
     <span class='ocr_line' id='line_1_8' title="bbox 191 1451 1223 1553; baseline 0 -34"><span class='ocrx_word' id='word_1_35' title='bbox 191 1455 255 1519; x_wconf 86' lang='lat' dir='ltr'>DE</span> <span class='ocrx_word' id='word_1_36' title='bbox 275 1453 483 1553; x_wconf 76' lang='lat' dir='ltr'>HERCULE</span> <span class='ocrx_word' id='word_1_37' title='bbox 504 1451 654 1521; x_wconf 86' lang='lat' dir='ltr'>LOCUS</span> <span class='ocrx_word' id='word_1_38' title='bbox 679 1457 722 1536; x_wconf 89' lang='lat' dir='ltr'>(v.</span> <span class='ocrx_word' id='word_1_39' title='bbox 735 1453 906 1539; x_wconf 72' lang='lat' dir='ltr'>sot-626)</span> <span class='ocrx_word' id='word_1_40' title='bbox 929 1453 1223 1519; x_wconf 79' lang='lat' dir='ltr'><strong>DEFENDITUR.</strong></span> 
     </span>
    </p>
   </div>
   <div class='ocr_carea' id='block_1_6' title="bbox 637 1586 1189 1653">
    <p class='ocr_par' dir='ltr' id='par_1_6' title="bbox 637 1586 1189 1653">
     <span class='ocr_line' id='line_1_9' title="bbox 637 1586 1189 1653; baseline -0.002 -19"><span class='ocrx_word' id='word_1_41' title='bbox 637 1589 743 1643; x_wconf 62' lang='lat' dir='ltr'>teimau</span> <span class='ocrx_word' id='word_1_42' title='bbox 756 1586 769 1645; x_wconf 68' lang='grc' dir='ltr'><em>ἢ</em></span> <span class='ocrx_word' id='word_1_43' title='bbox 783 1591 853 1644; x_wconf 65' lang='grc' dir='ltr'><strong><em>ἴτνμδν</em></strong></span> <span class='ocrx_word' id='word_1_44' title='bbox 867 1588 929 1653; x_wconf 64' lang='grc' dir='ltr'><strong><em>ἔρι’ως</em></strong></span> <span class='ocrx_word' id='word_1_45' title='bbox 942 1601 1026 1634; x_wconf 60' lang='lat' dir='ltr'>uenerat</span> <span class='ocrx_word' id='word_1_46' title='bbox 1040 1589 1062 1633; x_wconf 70' lang='grc' dir='ltr'>δι’</span> <span class='ocrx_word' id='word_1_47' title='bbox 1077 1607 1102 1639; x_wconf 81' lang='grc' dir='ltr'>με</span> <span class='ocrx_word' id='word_1_48' title='bbox 1115 1591 1189 1642; x_wconf 66' lang='lat' dir='ltr'>Sapis.</span> 
     </span>
    </p>
   </div>
   <div class='ocr_carea' id='block_1_7' title="bbox 993 1663 1195 1722">
    <p class='ocr_par' dir='ltr' id='par_1_7' title="bbox 993 1663 1195 1722">
     <span class='ocr_line' id='line_1_10' title="bbox 993 1663 1195 1722; baseline 0 -12"><span class='ocrx_word' id='word_1_49' title='bbox 993 1663 1134 1722; x_wconf 67' lang='lat' dir='ltr'>camiso.</span> <span class='ocrx_word' id='word_1_50' title='bbox 1180 1670 1195 1717; x_wconf 75' lang='grc'>,·</span> 
     </span>
    </p>
   </div>
   <div class='ocr_carea' id='block_1_8' title="bbox 668 1897 851 1988">
    <p class='ocr_par' dir='ltr' id='par_1_8' title="bbox 668 1897 851 1988">
     <span class='ocr_line' id='line_1_11' title="bbox 668 1897 851 1988; baseline 0 0"><span class='ocrx_word' id='word_1_51' title='bbox 668 1901 697 1988; x_wconf 79' lang='lat'>§-</span> <span class='ocrx_word' id='word_1_52' title='bbox 724 1897 760 1967; x_wconf 80' lang='lat'>1.&#39;</span> <span class='ocrx_word' id='word_1_53' title='bbox 848 1918 851 1925; x_wconf 83' lang='lat'>&#39;</span> 
     </span>
    </p>
   </div>
   <div class='ocr_carea' id='block_1_9' title="bbox 147 2041 1268 4017">
    <p class='ocr_par' dir='ltr' id='par_1_9' title="bbox 147 2041 1268 3128">
     <span class='ocr_line' id='line_1_12' title="bbox 150 2041 1266 2130; baseline 0.002 -23"><span class='ocrx_word' id='word_1_54' title='bbox 150 2050 154 2057; x_wconf 84' lang='lat'>&#39;</span> <span class='ocrx_word' id='word_1_55' title='bbox 247 2041 342 2129; x_wconf 83' lang='lat' dir='ltr'><strong>Quae</strong></span> <span class='ocrx_word' id='word_1_56' title='bbox 369 2041 528 2130; x_wconf 80' lang='lat' dir='ltr'>snpra⁴¹)</span> <span class='ocrx_word' id='word_1_57' title='bbox 559 2042 607 2108; x_wconf 85' lang='lat' dir='ltr'>de¹</span> <span class='ocrx_word' id='word_1_58' title='bbox 620 2041 750 2114; x_wconf 68' lang='grc' dir='ltr'>Νεκυίας</span> <span class='ocrx_word' id='word_1_59' title='bbox 776 2054 889 2108; x_wconf 86' lang='lat' dir='ltr'>natura</span> <span class='ocrx_word' id='word_1_60' title='bbox 916 2052 1011 2129; x_wconf 88' lang='lat' dir='ltr'>atque</span> <span class='ocrx_word' id='word_1_61' title='bbox 1036 2047 1266 2128; x_wconf 82' lang='lat' dir='ltr'>compositione</span> 
     </span>
     <span class='ocr_line' id='line_1_13' title="bbox 155 2153 1267 2240; baseline 0.001 -21"><span class='ocrx_word' id='word_1_62' title='bbox 155 2177 174 2219; x_wconf 90' lang='lat' dir='ltr'>a</span> <span class='ocrx_word' id='word_1_63' title='bbox 195 2176 248 2218; x_wconf 87' lang='lat' dir='ltr'>mc</span> <span class='ocrx_word' id='word_1_64' title='bbox 272 2155 430 2239; x_wconf 89' lang='lat' dir='ltr'>disputata</span> <span class='ocrx_word' id='word_1_65' title='bbox 451 2166 532 2234; x_wconf 89' lang='lat' dir='ltr'>sunt,</span> <span class='ocrx_word' id='word_1_66' title='bbox 556 2176 593 2219; x_wconf 90' lang='lat' dir='ltr'>ea</span> <span class='ocrx_word' id='word_1_67' title='bbox 612 2176 631 2218; x_wconf 89' lang='lat' dir='ltr'>a</span> <span class='ocrx_word' id='word_1_68' title='bbox 648 2153 838 2239; x_wconf 88' lang='lat' dir='ltr'>quibusdam</span> <span class='ocrx_word' id='word_1_69' title='bbox 855 2153 951 2234; x_wconf 69' lang='lat' dir='ltr'>rideo</span> <span class='ocrx_word' id='word_1_70' title='bbox 970 2153 1151 2240; x_wconf 90' lang='lat' dir='ltr'>improbari.</span> <span class='ocrx_word' id='word_1_71' title='bbox 1184 2156 1267 2220; x_wconf 83' lang='lat' dir='ltr'>Sunt</span> 
     </span>
     <span class='ocr_line' id='line_1_14' title="bbox 153 2265 1267 2357; baseline 0 -27"><span class='ocrx_word' id='word_1_72' title='bbox 153 2270 238 2330; x_wconf 86' lang='lat' dir='ltr'>enim</span> <span class='ocrx_word' id='word_1_73' title='bbox 256 2270 320 2357; x_wconf 17' lang='lat' dir='ltr'>*qui</span> <span class='ocrx_word' id='word_1_74' title='bbox 343 2270 374 2329; x_wconf 94' lang='lat' dir='ltr'>in</span> <span class='ocrx_word' id='word_1_75' title='bbox 393 2266 543 2352; x_wconf 77' lang='lat' dir='ltr'>Odyssea</span> <span class='ocrx_word' id='word_1_76' title='bbox 565 2270 669 2332; x_wconf 90' lang='lat' dir='ltr'>inesse</span> <span class='ocrx_word' id='word_1_77' title='bbox 686 2265 821 2352; x_wconf 78' lang='lat' dir='ltr'>&#39;quidem</span> <span class='ocrx_word' id='word_1_78' title='bbox 843 2269 995 2330; x_wconf 82' lang='lat' dir='ltr'>&#39;rationem</span> <span class='ocrx_word' id='word_1_79' title='bbox 1016 2267 1152 2351; x_wconf 83' lang='lat' dir='ltr'>aliquam</span> <span class='ocrx_word' id='word_1_80' title='bbox 1172 2278 1267 2351; x_wconf 90' lang='lat' dir='ltr'>atquc</span> 
     </span>
     <span class='ocr_line' id='line_1_15' title="bbox 147 2378 1267 2463; baseline -0.001 -21"><span class='ocrx_word' id='word_1_81' title='bbox 147 2379 379 2463; x_wconf 78' lang='lat' dir='ltr'>cogitationem</span> <span class='ocrx_word' id='word_1_82' title='bbox 402 2378 625 2454; x_wconf 86' lang='lat' dir='ltr'>confiteantur,</span> <span class='ocrx_word' id='word_1_83' title='bbox 649 2388 784 2439; x_wconf 85' lang='lat' dir='ltr'>attamen</span> <span class='ocrx_word' id='word_1_84' title='bbox 799 2379 880 2442; x_wconf 92' lang='lat' dir='ltr'>hanc</span> <span class='ocrx_word' id='word_1_85' title='bbox 900 2400 971 2442; x_wconf 88' lang='lat' dir='ltr'>esse</span> <span class='ocrx_word' id='word_1_86' title='bbox 987 2399 1064 2454; x_wconf 89' lang='lat' dir='ltr'>eam,</span> <span class='ocrx_word' id='word_1_87' title='bbox 1089 2384 1182 2460; x_wconf 90' lang='lat' dir='ltr'>quam</span> <span class='ocrx_word' id='word_1_88' title='bbox 1198 2381 1267 2460; x_wconf 92' lang='lat' dir='ltr'>ipse</span> 
     </span>
     <span class='ocr_line' id='line_1_16' title="bbox 151 2484 1267 2573; baseline 0 -20"><span class='ocrx_word' id='word_1_89' title='bbox 151 2485 369 2572; x_wconf 71' lang='lat' dir='ltr'>exposuerim,</span> <span class='ocrx_word' id='word_1_90' title='bbox 390 2496 513 2568; x_wconf 78' lang='lat' dir='ltr'>negent.</span> <span class='ocrx_word' id='word_1_91' title='bbox 542 2484 901 2572; x_wconf 74' lang='lat' dir='ltr'>Cujus&#39;reiargumenta</span> <span class='ocrx_word' id='word_1_92' title='bbox 915 2487 990 2553; x_wconf 91' lang='lat' dir='ltr'>inde</span> <span class='ocrx_word' id='word_1_93' title='bbox 1005 2490 1201 2573; x_wconf 89' lang='lat' dir='ltr'>potissimum</span> <span class='ocrx_word' id='word_1_94' title='bbox 1217 2510 1267 2553; x_wconf 83' lang='lat' dir='ltr'>re-</span> 
     </span>
     <span class='ocr_line' id='line_1_17' title="bbox 148 2593 1268 2689; baseline 0.004 -29"><span class='ocrx_word' id='word_1_95' title='bbox 148 2605 281 2683; x_wconf 82' lang='lat' dir='ltr'>·petuut,</span> <span class='ocrx_word' id='word_1_96' title='bbox 305 2593 391 2678; x_wconf 92' lang='lat' dir='ltr'>quod</span> <span class='ocrx_word' id='word_1_97' title='bbox 415 2598 598 2658; x_wconf 83' lang='lat' dir='ltr'>senteutiam</span> <span class='ocrx_word' id='word_1_98' title='bbox 621 2617 720 2660; x_wconf 82' lang='lat' dir='ltr'>meam</span> <span class='ocrx_word' id='word_1_99' title='bbox 743 2620 853 2685; x_wconf 84' lang='lat' dir='ltr'>magna</span> <span class='ocrx_word' id='word_1_100' title='bbox 875 2624 913 2666; x_wconf 86' lang='lat' dir='ltr'>ex</span> <span class='ocrx_word' id='word_1_101' title='bbox 935 2613 1025 2689; x_wconf 89' lang='lat' dir='ltr'>parte</span> <span class='ocrx_word' id='word_1_102' title='bbox 1049 2622 1089 2665; x_wconf 86' lang='lat' dir='ltr'>co</span> <span class='ocrx_word' id='word_1_103' title='bbox 1112 2601 1187 2665; x_wconf 93' lang='lat' dir='ltr'>loco</span> <span class='ocrx_word' id='word_1_104' title='bbox 1209 2604 1268 2665; x_wconf 89' lang='lat' dir='ltr'>niti</span> 
     </span>
     <span class='ocr_line' id='line_1_18' title="bbox 153 2704 1268 2796; baseline 0.004 -24"><span class='ocrx_word' id='word_1_105' title='bbox 153 2707 277 2784; x_wconf 89' lang='lat' dir='ltr'>dicant,</span> <span class='ocrx_word' id='word_1_106' title='bbox 301 2708 357 2790; x_wconf 90' lang='lat' dir='ltr'>qui</span> <span class='ocrx_word' id='word_1_107' title='bbox 372 2704 516 2769; x_wconf 86' lang='lat' dir='ltr'>Herculis</span> <span class='ocrx_word' id='word_1_108' title='bbox 539 2729 611 2770; x_wconf 92' lang='lat' dir='ltr'>curn</span> <span class='ocrx_word' id='word_1_109' title='bbox 628 2707 719 2773; x_wconf 85' lang='lat' dir='ltr'>Ulixe</span> <span class='ocrx_word' id='word_1_110' title='bbox 743 2711 940 2796; x_wconf 89' lang='lat' dir='ltr'>colloquium</span> <span class='ocrx_word' id='word_1_111' title='bbox 963 2716 1131 2776; x_wconf 85' lang='lat' dir='ltr'>contineat.</span> <span class='ocrx_word' id='word_1_112' title='bbox 1168 2713 1268 2796; x_wconf 80' lang='lat' dir='ltr'>Atqui</span> 
     </span>
     <span class='ocr_line' id='line_1_19' title="bbox 155 2816 1267 2906; baseline 0.004 -25"><span class='ocrx_word' id='word_1_113' title='bbox 155 2841 229 2882; x_wconf 90' lang='lat' dir='ltr'>cum</span> <span class='ocrx_word' id='word_1_114' title='bbox 262 2827 363 2881; x_wconf 93' lang='lat' dir='ltr'>totum</span> <span class='ocrx_word' id='word_1_115' title='bbox 392 2816 476 2879; x_wconf 87' lang='lat' dir='ltr'>hunc</span> <span class='ocrx_word' id='word_1_116' title='bbox 495 2816 611 2881; x_wconf 91' lang='lat' dir='ltr'>locum</span> <span class='ocrx_word' id='word_1_117' title='bbox 641 2822 864 2906; x_wconf 86' lang='lat' dir='ltr'>interpolatum</span> <span class='ocrx_word' id='word_1_118' title='bbox 895 2844 965 2886; x_wconf 89' lang='lat' dir='ltr'>esse</span> <span class='ocrx_word' id='word_1_119' title='bbox 994 2832 1131 2898; x_wconf 87' lang='lat' dir='ltr'>constet,</span> <span class='ocrx_word' id='word_1_120' title='bbox 1159 2823 1267 2886; x_wconf 69' lang='lat' dir='ltr'>firma·-</span> 
     </span>
     <span class='ocr_line' id='line_1_20' title="bbox 151 2927 1267 3015; baseline 0.004 -22"><span class='ocrx_word' id='word_1_121' title='bbox 151 2938 293 2993; x_wconf 85' lang='lat' dir='ltr'>mentum</span> <span class='ocrx_word' id='word_1_122' title='bbox 317 2930 488 2991; x_wconf 88' lang='lat' dir='ltr'>sententiae</span> <span class='ocrx_word' id='word_1_123' title='bbox 510 2950 599 2993; x_wconf 91' lang='lat' dir='ltr'>meae</span> <span class='ocrx_word' id='word_1_124' title='bbox 623 2927 663 2994; x_wconf 90' lang='lat' dir='ltr'>dc</span> <span class='ocrx_word' id='word_1_125' title='bbox 679 2931 752 2996; x_wconf 87' lang='lat' dir='ltr'>libri</span> <span class='ocrx_word' id='word_1_126' title='bbox 767 2931 924 2997; x_wconf 87' lang='lat' dir='ltr'>undecimi</span> <span class='ocrx_word' id='word_1_127' title='bbox 940 2942 1051 2995; x_wconf 89' lang='lat' dir='ltr'>natura</span> <span class='ocrx_word' id='word_1_128' title='bbox 1067 2941 1164 3015; x_wconf 89' lang='lat' dir='ltr'>atque</span> <span class='ocrx_word' id='word_1_129' title='bbox 1179 2955 1267 2998; x_wconf 87' lang='lat' dir='ltr'>com-</span> 
     </span>
     <span class='ocr_line' id='line_1_21' title="bbox 151 3038 1255 3128; baseline 0.004 -23"><span class='ocrx_word' id='word_1_130' title='bbox 151 3043 315 3126; x_wconf 78' lang='lat' dir='ltr'>positione</span> <span class='ocrx_word' id='word_1_131' title='bbox 335 3038 481 3123; x_wconf 87' lang='lat' dir='ltr'>prolatae</span> <span class='ocrx_word' id='word_1_132' title='bbox 503 3044 669 3104; x_wconf 87' lang='lat' dir='ltr'>maximum</span> <span class='ocrx_word' id='word_1_133' title='bbox 693 3065 730 3106; x_wconf 92' lang='lat' dir='ltr'>ac</span> <span class='ocrx_word' id='word_1_134' title='bbox 752 3048 967 3128; x_wconf 81' lang='lat' dir='ltr'>gravissimum</span> <span class='ocrx_word' id='word_1_135' title='bbox 990 3040 1181 3108; x_wconf 80' lang='lat' dir='ltr'>labefactari.</span> <span class='ocrx_word' id='word_1_136' title='bbox 1252 3092 1255 3097; x_wconf 82' lang='lat'>·</span> 
     </span>
    </p>

    <p class='ocr_par' dir='ltr' id='par_1_10' title="bbox 149 3147 1268 4017">
     <span class='ocr_line' id='line_1_22' title="bbox 244 3147 1267 3235; baseline 0.005 -21"><span class='ocrx_word' id='word_1_137' title='bbox 244 3147 345 3235; x_wconf 85' lang='lat' dir='ltr'>Quod</span> <span class='ocrx_word' id='word_1_138' title='bbox 367 3152 394 3213; x_wconf 92' lang='lat' dir='ltr'>si</span> <span class='ocrx_word' id='word_1_139' title='bbox 415 3153 458 3214; x_wconf 85' lang='lat' dir='ltr'>ita</span> <span class='ocrx_word' id='word_1_140' title='bbox 482 3173 552 3214; x_wconf 88' lang='lat' dir='ltr'>sese</span> <span class='ocrx_word' id='word_1_141' title='bbox 574 3150 719 3226; x_wconf 91' lang='lat' dir='ltr'>haberet,</span> <span class='ocrx_word' id='word_1_142' title='bbox 742 3153 819 3212; x_wconf 91' lang='lat' dir='ltr'>nihil</span> <span class='ocrx_word' id='word_1_143' title='bbox 842 3155 988 3232; x_wconf 86' lang='lat' dir='ltr'>prolecto</span> <span class='ocrx_word' id='word_1_144' title='bbox 1013 3152 1086 3212; x_wconf 90' lang='lat' dir='ltr'>mihi</span> <span class='ocrx_word' id='word_1_145' title='bbox 1108 3152 1267 3233; x_wconf 90' lang='lat' dir='ltr'>reliquum</span> 
     </span>
     <span class='ocr_line' id='line_1_23' title="bbox 157 3252 1267 3346; baseline 0.004 -21"><span class='ocrx_word' id='word_1_146' title='bbox 157 3271 250 3340; x_wconf 86' lang='lat' dir='ltr'>esset,</span> <span class='ocrx_word' id='word_1_147' title='bbox 270 3265 329 3327; x_wconf 88' lang='lat' dir='ltr'>nisi</span> <span class='ocrx_word' id='word_1_148' title='bbox 351 3271 396 3337; x_wconf 87' lang='lat' dir='ltr'>ut,</span> <span class='ocrx_word' id='word_1_149' title='bbox 421 3279 503 3342; x_wconf 88' lang='lat' dir='ltr'>quae</span> <span class='ocrx_word' id='word_1_150' title='bbox 526 3256 579 3319; x_wconf 82' lang='lat' dir='ltr'>illa</span> <span class='ocrx_word' id='word_1_151' title='bbox 603 3255 644 3319; x_wconf 92' lang='lat' dir='ltr'>de</span> <span class='ocrx_word' id='word_1_152' title='bbox 661 3276 695 3325; x_wconf 82' lang='lat' dir='ltr'>re</span> <span class='ocrx_word' id='word_1_153' title='bbox 711 3278 808 3340; x_wconf 87' lang='lat' dir='ltr'>supra</span> <span class='ocrx_word' id='word_1_154' title='bbox 824 3252 989 3343; x_wconf 75' lang='lat' dir='ltr'>proposui,</span> <span class='ocrx_word' id='word_1_155' title='bbox 1014 3279 1051 3321; x_wconf 85' lang='lat' dir='ltr'>ea</span> <span class='ocrx_word' id='word_1_156' title='bbox 1072 3260 1135 3346; x_wconf 87' lang='lat' dir='ltr'>jam</span> <span class='ocrx_word' id='word_1_157' title='bbox 1149 3266 1267 3329; x_wconf 87' lang='lat' dir='ltr'>rescin-</span> 
     </span>
     <span class='ocr_line' id='line_1_24' title="bbox 149 3368 1267 3460; baseline 0.005 -23"><span class='ocrx_word' id='word_1_158' title='bbox 149 3371 271 3460; x_wconf 40' lang='lat' dir='ltr'>:derem</span> <span class='ocrx_word' id='word_1_159' title='bbox 316 3373 382 3438; x_wconf 88' lang='lat' dir='ltr'>Sed</span> <span class='ocrx_word' id='word_1_160' title='bbox 409 3383 529 3437; x_wconf 88' lang='lat' dir='ltr'>tantum</span> <span class='ocrx_word' id='word_1_161' title='bbox 562 3370 667 3448; x_wconf 87' lang='lat' dir='ltr'>abest,</span> <span class='ocrx_word' id='word_1_162' title='bbox 697 3379 732 3434; x_wconf 93' lang='lat' dir='ltr'>ut</span> <span class='ocrx_word' id='word_1_163' title='bbox 761 3369 823 3434; x_wconf 87' lang='lat' dir='ltr'>tale</span> <span class='ocrx_word' id='word_1_164' title='bbox 853 3368 931 3455; x_wconf 86' lang='lat' dir='ltr'>quid</span> <span class='ocrx_word' id='word_1_165' title='bbox 963 3371 1038 3435; x_wconf 91' lang='lat' dir='ltr'>mihi</span> <span class='ocrx_word' id='word_1_166' title='bbox 1066 3373 1267 3443; x_wconf 89' lang='lat' dir='ltr'>subeundum</span> 
     </span>
     <span class='ocr_line' id='line_1_25' title="bbox 155 3480 1268 3572; baseline 0.004 -24"><span class='ocrx_word' id='word_1_167' title='bbox 155 3505 224 3549; x_wconf 88' lang='lat' dir='ltr'>esse</span> <span class='ocrx_word' id='word_1_168' title='bbox 247 3496 365 3570; x_wconf 90' lang='lat' dir='ltr'>putem,</span> <span class='ocrx_word' id='word_1_169' title='bbox 393 3495 427 3548; x_wconf 94' lang='lat' dir='ltr'>ut</span> <span class='ocrx_word' id='word_1_170' title='bbox 450 3480 597 3548; x_wconf 86' lang='lat' dir='ltr'>Herculis</span> <span class='ocrx_word' id='word_1_171' title='bbox 621 3489 950 3551; x_wconf 90' lang='lat' dir='ltr'>commemorationem</span> <span class='ocrx_word' id='word_1_172' title='bbox 981 3485 1116 3572; x_wconf 89' lang='lat' dir='ltr'>abipso</span> <span class='ocrx_word' id='word_1_173' title='bbox 1140 3501 1268 3554; x_wconf 88' lang='lat' dir='ltr'>nostrae</span> 
     </span>
     <span class='ocr_line' id='line_1_26' title="bbox 151 3595 1268 3690; baseline 0.004 -32"><span class='ocrx_word' id='word_1_174' title='bbox 151 3595 345 3690; x_wconf 79' lang='lat' dir='ltr'>rhapsodias</span> <span class='ocrx_word' id='word_1_175' title='bbox 372 3606 503 3687; x_wconf 83' lang='lat' dir='ltr'>auctore</span> <span class='ocrx_word' id='word_1_176' title='bbox 531 3595 707 3681; x_wconf 89' lang='lat' dir='ltr'>prolectam</span> <span class='ocrx_word' id='word_1_177' title='bbox 735 3617 804 3660; x_wconf 90' lang='lat' dir='ltr'>esse</span> <span class='ocrx_word' id='word_1_178' title='bbox 839 3602 1016 3662; x_wconf 80' lang='lat' dir='ltr'>existimem.</span> <span class='ocrx_word' id='word_1_179' title='bbox 1063 3597 1167 3684; x_wconf 84' lang='lat' dir='ltr'>Cujus</span> <span class='ocrx_word' id='word_1_180' title='bbox 1195 3620 1268 3662; x_wconf 90' lang='lat' dir='ltr'>sen-</span> 
     </span>
     <span class='ocr_line' id='line_1_27' title="bbox 153 3688 1266 3812; baseline 0.002 -42"><span class='ocrx_word' id='word_1_181' title='bbox 153 3711 269 3771; x_wconf 90' lang='lat' dir='ltr'>tentiae</span> <span class='ocrx_word' id='word_1_182' title='bbox 301 3688 482 3812; x_wconf 53' lang='lat' dir='ltr'>aqgmirenta</span> <span class='ocrx_word' id='word_1_183' title='bbox 517 3707 579 3769; x_wconf 91' lang='lat' dir='ltr'>hoc</span> <span class='ocrx_word' id='word_1_184' title='bbox 609 3708 713 3789; x_wconf 88' lang='lat' dir='ltr'>capite</span> <span class='ocrx_word' id='word_1_185' title='bbox 750 3705 891 3767; x_wconf 92' lang='lat' dir='ltr'>secundo</span> <span class='ocrx_word' id='word_1_186' title='bbox 930 3726 999 3768; x_wconf 93' lang='lat' dir='ltr'>sum</span> <span class='ocrx_word' id='word_1_187' title='bbox 1030 3716 1266 3788; x_wconf 87' lang='lat' dir='ltr'>persecuturus.</span> 
     </span>
     <span class='ocr_line' id='line_1_28' title="bbox 153 3813 1267 3900; baseline 0.003 -20"><span class='ocrx_word' id='word_1_188' title='bbox 153 3813 324 3883; x_wconf 63' lang='lat' dir='ltr'>Herculem</span> <span class='ocrx_word' id='word_1_189' title='bbox 347 3838 426 3881; x_wconf 88' lang='lat' dir='ltr'>vero</span> <span class='ocrx_word' id='word_1_190' title='bbox 455 3821 537 3881; x_wconf 89' lang='lat' dir='ltr'>tueri</span> <span class='ocrx_word' id='word_1_191' title='bbox 565 3839 635 3880; x_wconf 92' lang='lat' dir='ltr'>cum</span> <span class='ocrx_word' id='word_1_192' title='bbox 662 3837 720 3900; x_wconf 89' lang='lat' dir='ltr'>per·</span> <span class='ocrx_word' id='word_1_193' title='bbox 749 3835 783 3879; x_wconf 89' lang='lat' dir='ltr'>se</span> <span class='ocrx_word' id='word_1_194' title='bbox 816 3813 992 3899; x_wconf 90' lang='lat' dir='ltr'>jucundum</span> <span class='ocrx_word' id='word_1_195' title='bbox 1015 3824 1075 3891; x_wconf 88' lang='lat' dir='ltr'>est,</span> <span class='ocrx_word' id='word_1_196' title='bbox 1104 3823 1170 3879; x_wconf 91' lang='lat' dir='ltr'>tum</span> <span class='ocrx_word' id='word_1_197' title='bbox 1193 3818 1267 3883; x_wconf 82' lang='lat' dir='ltr'>milri</span> 
     </span>
     <span class='ocr_line' id='line_1_29' title="bbox 152 3924 1267 4017; baseline -0.004 -22"><span class='ocrx_word' id='word_1_198' title='bbox 152 3942 351 4015; x_wconf 85' lang='lat' dir='ltr'>exoptatum,</span> <span class='ocrx_word' id='word_1_199' title='bbox 380 3924 469 4012; x_wconf 93' lang='lat' dir='ltr'>quod</span> <span class='ocrx_word' id='word_1_200' title='bbox 497 3927 560 4004; x_wconf 81' lang='lat' dir='ltr'>loc</span> <span class='ocrx_word' id='word_1_201' title='bbox 585 3927 660 3991; x_wconf 93' lang='lat' dir='ltr'>mihi</span> <span class='ocrx_word' id='word_1_202' title='bbox 687 3947 818 4008; x_wconf 88' lang='lat' dir='ltr'>munere</span> <span class='ocrx_word' id='word_1_203' title='bbox 845 3924 978 3990; x_wconf 81' lang='lat' dir='ltr'>facultas</span> <span class='ocrx_word' id='word_1_204' title='bbox 999 3925 1139 4017; x_wconf 17' lang='lat' dir='ltr'>*offertur</span> <span class='ocrx_word' id='word_1_205' title='bbox 1161 3940 1267 4016; x_wconf 79' lang='lat' dir='ltr'>partes</span> 
     </span>
    </p>
   </div>
   <div class='ocr_carea' id='block_1_10' title="bbox 150 4077 362 4094">
    <p class='ocr_par' dir='ltr' id='par_1_11' title="bbox 150 4077 362 4094">
     <span class='ocr_line' id='line_1_30' title="bbox 150 4077 362 4094; baseline -0.019 0"><span class='ocrx_word' id='word_1_206' title='bbox 150 4077 362 4094; x_wconf 73' lang='lat'>——1—</span> 
     </span>
    </p>
   </div>
   <div class='ocr_carea' id='block_1_11' title="bbox 227 4178 469 4255">
    <p class='ocr_par' dir='ltr' id='par_1_12' title="bbox 227 4178 469 4255">
     <span class='ocr_line' id='line_1_31' title="bbox 227 4178 469 4255; baseline 0.017 -4"><span class='ocrx_word' id='word_1_207' title='bbox 227 4178 277 4252; x_wconf 55' lang='lat'>5¹)</span> <span class='ocrx_word' id='word_1_208' title='bbox 315 4184 469 4255; x_wconf 64' lang='lat' dir='ltr'>nwem-</span> 
     </span>
    </p>
   </div>
   <div class='ocr_carea' id='block_1_12' title="bbox 0 0 1426 4898">
    <p class='ocr_par' dir='ltr' id='par_1_13' title="bbox 0 0 1426 4898">
     <span class='ocr_line' id='line_1_32' title="bbox 0 0 1426 4898; baseline 0 0"><span class='ocrx_word' id='word_1_209' title='bbox 0 0 1426 4898; x_wconf 95' lang='lat' dir='ltr'> </span> 
     </span>
    </p>
   </div>
  </div>
 </body>
</html>
