2842 4898
804 323 851 400 'lt

269 516 440 597 supersunt
468 507 639 595 fragmenta
667 507 734 573 lere
763 509 868 574 omnia
896 506 938 572 ad
965 507 1149 576 feminarum
1177 511 1380 578 Boeotiarum

267 619 379 687 landes
400 622 567 708 pertinent.

355 733 489 796 Materia
511 741 616 796 autem
638 733 739 797 nostri
765 730 839 796 libri
861 734 954 797 etiam
982 731 1043 798 alia
1064 753 1125 799 nos
1148 731 1252 799 docet
1295 733 1376 799 Nam

267 865 340 910 eum
362 863 562 930 quaererem,
584 841 641 908 ubi
662 846 791 909 maxime
810 843 937 931 placere
952 841 1066 912 Nruor‘o
1081 843 1236 926 debuerit,
1258 846 1382 909 iisnm·

266 977 349 1020 mam
374 953 449 1020 inde
481 953 722 1020 delectationem
749 958 932 1043 percepisse
953 954 1159 1035 videbantur,
1182 958 1237 1042 qui
1261 965 1294 1023 et
1316 955 1380 1022 Or·

266 1086 338 1128 cnm
367 1086 559 1149 magnopere
586 1076 825 1143 venerarentur,
855 1077 888 1132 et
915 1065 1002 1153 apud
1029 1088 1065 1132 se
1093 1088 1163 1133 csse
1190 1066 1231 1132 ad
1259 1068 1382 1133 meros

266 1173 384 1239 aditum
404 1172 615 1261 perhiberent.
660 1175 774 1258 Neque
796 1176 943 1257 prolecto
966 1186 1062 1260 poeta
1092 1176 1134 1242 od
1161 1177 1224 1244 tale
1254 1199 1385 1244 carmen

267 1282 524 1372 componendum
553 1282 709 1348 adductus
732 1285 850 1363 luisset,
879 1287 939 1350 nisi
962 1295 1016 1350 aut
1037 1289 1115 1372 ipse,
1139 1299 1194 1351 aut
1214 1291 1247 1366 ii,
1271 1310 1385 1355 coram

267 1395 386 1482 quibus
407 1393 461 1459 ille
484 1393 627 1480 canebat,
648 1393 728 1457 tales
743 1405 940 1459 mortuorum
957 1395 1206 1461 consultationes
1221 1401 1288 1462 suis
1300 1420 1385 1464 ocu-

264 1508 303 1572 lis
326 1505 486 1571 vidissent.
531 1505 647 1590 Neque
661 1514 697 1570 ut
713 1505 862 1583 Tiresiae,
883 1507 975 1590 cujus
990 1505 1180 1571 consulendi
1195 1528 1292 1572 causa
1305 1509 1382 1574 hor-

265 1617 358 1684 ribile
380 1615 461 1683 illud
484 1615 525 1681 ad
546 1617 666 1682 inferos
687 1619 748 1680 iter
769 1615 895 1681 Ulixem
921 1619 1084 1703 suscipere
1107 1617 1288 1703 oportebat,
1311 1629 1379 1685 tan·

265 1741 321 1796 tae-
345 1738 458 1816 partes¹
474 1710 704 1805 tribuerentur,
734 1737 870 1812 quantae
897 1738 1075 1794 ceterorum
1103 1739 1301 1794 mortuorum
1323 1752 1376 1796 ne-

264 1844 353 1919 mini,
385 1839 482 1903 ullam
509 1837 601 1901 aliam
630 1836 673 1903 ob
703 1859 829 1902 causam
854 1837 926 1903 fieri
948 1841 1061 1924 potuit,
1088 1842 1149 1909 nisi
1171 1838 1261 1926 quod
1282 1851 1374 1926 poeta

264 1955 399 2038 ejusque
427 1947 588 2013 auditores
610 1951 746 2013 arctiore
773 1948 883 2034 aliquo
907 1972 978 2014 cum
1001 1951 1124 2016 Tiresia
1145 1951 1276 2017 vinculo
1299 1972 1373 2017 con·

262 2065 364 2150 juncti
385 2070 498 2126 essent.
544 2060 682 2125 Tiresias
704 2063 787 2125 enim
807 2081 876 2126 non
898 2061 1001 2128 solum
1022 2083 1062 2127 ex
1082 2062 1231 2128 omnibus
1244 2062 1371 2142 retibus,

262 2193 372 2236 verum
396 2174 488 2234 etiam
511 2192 549 2236 ex
572 2170 719 2240 omnibus
741 2174 875 2237 mortuis
897 2172 986 2239 solus
1009 2177 1103 2262 sapit3
1126 2173 1213 2239 unde
1231 2196 1371 2241 necessa·

261 2286 310 2347 rio
341 2278 579 2367 quodammodo
608 2280 782 2346 Homerum
810 2282 952 2349 Tiresiae
973 2285 1072 2350 luisse
1094 2267 1285 2371 popularem
1307 2285 1368 2351 col-

261 2394 384 2481 ligimus
396 2389 481 2475 ¹⁷⁰).
525 2391 628 2478 Quod
643 2393 671 2457 si
684 2394 728 2458 ita
743 2402 799 2472 est,
821 2393 986 2461 Boeotium
998 2394 1006 2428 ¹
1018 2392 1030 2428 ⁷
1043 2393 1073 2478 ¹)
1089 2416 1160 2462 esse
1174 2395 1252 2463 libri
1267 2397 1366 2485 Odys-

325 2630 366 2661 ·00
374 2631 448 2703 0,)
453 2631 557 2714 ‚Wenn
577 2629 646 2686 such
663 2629 803 2707 Odysrcus
817 2653 871 2688 nm
883 2636 936 2690 den
949 2622 1094 2703 Turesim,
1114 2639 1195 2697 einen
1204 2641 1369 2717 Wahrsager·

263 2743 298 2780 an
316 2721 375 2780 sich
393 2719 491 2786 sehon,
511 2721 640 2794 belmgen
660 2722 729 2790 will,
748 2743 780 2779 so
799 2724 872 2781 mols
897 2726 967 2787 doch
988 2727 1062 2785 wohl
1084 2731 1134 2787 dos
1156 2731 1302 2790 withlicbe
1323 2733 1367 2787 lle·

263 2815 359 2873 stehcn
378 2833 431 2871 von
451 2812 675 2873 Todtenoraheln
694 2815 749 2870 den
770 2816 882 2872 Dichter
905 2837 939 2874 zu
963 2819 1013 2875 der
1031 2840 1136 2894 ganzen
1161 2821 1227 2879 Idee
1245 2822 1368 2900 gebracht

261 2907 387 2962 haben.“
426 2903 664 2983 voetcke1·.Altg.
680 2903 791 2961 Schulz.
811 2913 888 2962 1831.
904 2909 942 2963 ll.
959 2929 986 2984 p.
1001 2910 1188 2977 tros-„Da
1203 2932 1257 2968 wir
1267 2933 1366 2979 nissen.

262 2996 323 3052 dass
350 3015 378 3050 es
391 2995 426 3050 in
447 2994 575 3048 boeotien
595 2996 760 3070 wenigsteos
780 2997 830 3054 Eio
851 2994 955 3055 Oralrel
979 3000 1026 3055 des
1045 3001 1178 3056 Teiresias
1204 3005 1274 3079 gab,
1294 3023 1365 3060 wenn

262 3082 332 3143 auch
351 3085 429 3143 nicht
447 3083 581 3150 mehrere,
601 3105 632 3141 so
651 3086 726 3141 kann
741 3087 845 3142 Homer
864 3088 914 3144 sul
928 3090 1003 3145 seine
1023 3092 1137 3165 Angcbe
1155 3111 1210 3148 von
1224 3095 1273 3150 der
1283 3097 1367 3170 jeoern

261 3177 331 3233 auch
350 3179 388 3233 im
407 3176 486 3233 Tode
504 3175 682 3250 gebliebenen
697 3177 864 3250 'Seberlrrast
886 3180 1043 3256 vor'ziiglich
1062 3183 1151 3240 durch
1173 3185 1249 3257 jeoes
1267 3182 1366 3243 Orolsel

261 3266 374 3343 gefubrt
392 3267 504 3322 worden
523 3267 617 3321 sein.“
651 3257 780 3323 'Nitzsch
802 3272 936 3326 Annrcrh.
959 3271 1023 3329 Vol.
1039 3274 1092 3328 111.
1114 3293 1142 3348 p.
1160 3280 1221 3330 151.
1241 3274 1276 3329 cl.
1297 3275 1362 3330 ibid.

260 3376 289 3430 p.
307 3353 359 3409 168
373 3373 434 3427 sqq.
449 3383 476 3396 —
491 3357 688 3421 „tlodrcrseits
702 3356 794 3412 halten
809 3360 861 3414 wir
873 3360 935 3426 sest,
955 3361 1016 3416 dass
1026 3363 1075 3417 der
1088 3364 1200 3420 Dichter
1211 3381 1263 3419 ron
1276 3363 1362 3417 einero

260 3443 516 3520 Psychopompeion
541 3445 602 3499 eine
627 3446 853 3525 Ueberlr'eserung
879 3448 979 3524 gebabt
997 3451 1087 3508 haben
1111 3456 1209 3511 miisse.
1223 3452 1361 3520 -Beides,

259 3535 320 3592 dass
337 3534 382 3590 die
400 3531 541 3608 sonstigen
559 3533 669 3589 Todten
688 3535 735 3591 des
753 3541 801 3594 νοῦς
818 3537 943 3613 ginzlich
962 3541 1125 3612 entbehren,
1145 3545 1203 3602 und
1222 3543 1281 3600 dass
1299 3541 1362 3599 auch

259 3646 315 3682 von
333 3626 387 3680 den
406 3621 602 3678 vemtorbenen
619 3622 723 3681 Sehern
742 3625 824 3684 allelu
842 3628 906 3684 dem
925 3630 1058 3687 Teiresies
1076 3636 1139 3708 jene
1157 3632 1360 3708 Anszeichnung

259 3717 345 3782 wind,
361 3714 458 3771 wiirde
475 3713 533 3770 sich
552 3714 640 3793 durch
658 3716 704 3771 die
722 3718 870 3775 Anuohme
888 3729 937 3795 gut
955 3720 1093 3793 erilis-en,
1112 3725 1174 3781 dolo
1187 3725 1297 3782 Homer
1313 3741 1359 3780 ron

259 3797 1121 3887 etnamOrateldesTenesiasve1·n0mmengehabthabe.“'
1159 3812 1356 3873 hirmelind
1409 3835 1411 3866 a

258 3896 412 3968 p169aq.
432 3894 469 3951 cl
484 3895 554 3952 ibid.
574 3915 603 3970 p.
596 3898 683 3955 ..307

332 3983 363 4015 00
372 3984 398 4054 0)
434 3984 462 4039 b.
477 4003 502 4039 e
517 4002 548 4040 eo
566 3997 649 4053 terra,
669 4004 740 4059 quae
758 3999 851 4061 poster
871 3991 982 4048 Βοοοιία
1000 3993 1136 4069 appellata
1154 4008 1205 4054 est.
1246 3996 1308 4056 Peri
1322 4010 1356 4052 m·
1400 4033 1411 4085 5

259 4027 335 4144 tione
353 4071 518 4127 Boeotorum
538 4077 651 4131 nornine
671 4095 986 4134 naussum·
