2842 4898
632 325 679 400 51

123 514 244 601 ⁸¹¹⁷),
274 535 294 579 a
322 515 471 601 personis
503 514 710 598 praeteritae,
743 515 907 579 maximam
938 525 1060 603 partem
1089 517 1215 586 ultimae

123 632 219 710 atatis,
245 628 330 693 inter
359 646 445 712 quos
467 626 565 711 positi
588 634 677 705 sunt,
699 624 902 691 vehementer
925 627 1097 695 abhorrent
1119 641 1151 696 et
1174 631 1214 697 nh

123 751 287 820 stantum,
309 738 362 803 cui
385 757 461 803 sane
483 737 596 800 fratres
618 735 665 800 illi
687 747 794 802 essent
815 736 959 804 homiues
982 744 1133 829 temporis
1156 742 1215 809 du·

123 875 175 919 um
196 851 363 938 praeteriti,
386 849 438 913 hic
459 857 608 934 poterant
630 848 799 932 interponi.

187 961 239 1029 Ad
264 983 350 1049 quae
376 970 559 1047 argumenta
587 979 626 1023 ea
654 958 825 1039 accedunt,
854 982 937 1045 quae
964 972 1030 1028 tum
1056 965 1090 1029 in
1111 962 1214 1032 vcrho

123 1069 278 1162 ιλίγχοῖοι
291 1069 367 1158 ¹¹⁸)
394 1073 499 1158 posita
527 1079 617 1148 sunt,
648 1080 715 1134 tum
742 1073 775 1135 in
797 1070 961 1138 vocabulo
989 1071 1039 1149 roh
1060 1080 1106 1159 (v.
1123 1080 1213 1162 298),

123 1185 191 1251 uod
220 1183 343 1250 articuli
370 1184 461 1269 quasi
483 1183 635 1245 vicarium
662 1179 907 1266 improbandum
935 1194 984 1249 est
1006 1207 1079 1252 cum
1102 1209 1121 1251 a
1142 1209 1213 1253 ver·
1268 1211 1274 1216 ·

123 1296 184 1363 hus
208 1298 282 1376 260,
306 1295 382 1375 266,
401 1293 478 1374 305,
509 1293 650 1378 quamvis
680 1291 791 1356 eadem
820 1295 854 1358 in
881 1296 920 1359 iis
948 1298 989 1360 sit
1018 1300 1213 1385 conjunctio,

123 1407 213 1475 ocula
235 1409 296 1474 ista
317 1400 368 1481 seir
391 1401 482 1470 absit.

544 1572 574 1616 v.
598 1551 766 1617 321-325.

301 1671 424 1765 Φαίδρην
443 1700 475 1737 τε
495 1669 612 1763 Πρέκριν
633 1695 664 1735 τε
685 1668 745 1735 ἴδον
764 1667 855 1749 καλήν
876 1673 906 1735 τ’
926 1671 1085 1764 Ἀριάδνην,

261 1776 361 1870 κου’ρην
382 1775 492 1846 Milon
512 1776 689 1868 ὀλοόφρονος,
710 1773 743 1853 ἥν
763 1803 832 1839 ποτε
853 1779 964 1854 Ono-eric

263 1888 294 1951 ἐκ
314 1880 425 1974 Κρήτης
444 1888 474 1952 ἕο
494 1883 597 1967 γοννδν
615 1877 770 1959 Ἀθηνάων
790 1877 902 1972 ἱεροῖων,

264 1983 319 2072 ἦγε
339 1984 387 2064 μὲν
408 1988 469 2053 οὐδ’
491 1985 632 2066 ἀπόνητο·
652 1982 743 2077 ποῖρος
764 1983 795 2050 δέ
815 2015 860 2059 μιν
876 1979 1008 2079 Ἀρτεμνς
1028 1987 1097 2055 ἕκτα

265 2092 316 2177 Δίῃ
338 2097 366 2157 ἓν
386 2089 539 2183 ἀμφιρύτῃ,
559 2088 699 2158 Διοννόου
721 2088 908 2182 μαρτυρίῃσιν.

123 2255 244 2335 [omero
259 2251 341 2318 hanc
354 2251 618 2317 narratiunculam
633 2247 792 2316 subditam
809 2272 877 2318 esse
893 2274 1009 2332 censeo
1024 2251 1034 2288 ¹
1047 2250 1055 2288 ¹
1068 2252 1109 2340 ⁹).
1131 2255 1214 2320 Nam

123 2368 274 2432 lomerum
296 2363 416 2429 nullam
431 2366 561 2429 omnino
572 2364 715 2450 Dionysi
733 2366 874 2426 notitiam
896 2363 1013 2427 habore
1030 2364 1214 2428 Loheckius

123 2479 141 2542 l.
158 2477 211 2543 Cl.
228 2476 419 2560 argumentis
432 2472 591 2558 probavit,
614 2492 695 2558 quae
710 2495 816 2559 nequo
833 2497 851 2538 a
866 2473 1051 2540 Voelclrcro
1065 2473 1141 2563 ¹²⁰)
1163 2498 1213 2542 ro·

123 2599 203 2654 rtata
226 2585 301 2650 sunt
322 2604 429 2670 neque
451 2585 578 2648 omnino
601 2585 731 2654 refutari
754 2609 851 2672 posse
873 2586 1137 2676 videantur¹²¹).

187 2697 243 2762 De
269 2697 348 2760 mira
375 2705 480 2761 autem
505 2693 658 2762 vocabuli
687 2699 829 2765 Διὸνύοου
861 2703 1064 2786 correptione
1091 2712 1214 2766 veteres

123 2810 290 2876 rammntici
311 2809 373 2896 ipsi
400 2805 722 2891 disseruerunt¹²²);
751 2819 845 2895 atque
865 2809 975 2874 Minoa
997 2808 1071 2873 idco
1094 2806 1215 2876 tantum

175 3111 238 3184 ν’)
273 3103 587 3178 cinnomo-nt.

178 3220 238 3292 ¹¹⁸)
275 3220 312 3276 cf.
336 3217 458 3275 Nitasch.
479 3214 619 3274 1.l.v01.
639 3216 692 3272 lll.
712 3235 742 3292 p.
758 3215 821 3274 215.
843 3217 878 3274 G.
895 3217 1046 3273 Hermann.
1067 3216 1102 3274 ad
1122 3215 1213 3295 Orph.

122 3321 162 3367 ot.
176 3329 206 3385 p.
220 3309 282 3369 801.
297 3311 333 3368 de
350 3310 515 3368 emendand.
531 3328 574 3386 gr.
591 3307 641 3366 Gr.
657 3329 686 3387 p.
700 3306 764 3368 tlt.

176 3419 238 3494 ¹¹⁹)
274 3421 311 3477 cl.
331 3419 569 3498 Peme-Knight.
589 3419 624 3476 ad
642 3439 670 3476 r.
685 3419 706 3476 l.
729 3419 849 3477 Lohech.
870 3415 1009 3494 Aglaoph.
1029 3436 1058 3493 p.
1079 3415 1133 3477 281
1150 3440 1212 3498 sqq.

123 3510 155 3575 41
168 3509 324 3568 Hermann.
350 3509 370 3566 l.
389 3510 409 3566 l.
430 3529 459 3586 p.
482 3518 527 3567 11.
549 3515 594 3567 12.
612 3516 656 3566 18.
680 3510 804 3567 Nitzsch.
820 3508 840 3565 l.
856 3508 876 3565 l.
890 3508 957 3566 vol.
972 3509 1024 3565 111.
1041 3530 1069 3584 p.
1084 3516 1136 3568 251
1151 3532 1213 3587 sqq.

123 3628 136 3656 ι.
147 3601 292 3678 sopiant.
310 3602 360 3658 der
378 3600 485 3678 Kampf
501 3601 639 3660 zwischcn
658 3600 780 3657 Theseus
800 3599 857 3654 und
875 3599 1058 3655 Minotaurus.
1090 3602 1214 3677 Leipzig.

123 3687 181 3748 812.
202 3694 262 3750 Fol.
275 3695 301 3753 7.

179 3800 240 3874 ¹²⁰)
278 3801 313 3858 In
339 3799 417 3858 Neue
434 3799 532 3857 Jahrb.
555 3801 574 3856 f.
590 3797 664 3854 Phil.
681 3794 739 3852 und
756 3792 840 3849 Pacd.
859 3793 939 3847 1832.
955 3791 993 3850 V.
1011 3797 1036 3846 1.
1057 3810 1087 3865 p.
1102 3791 1140 3853 17
1151 3810 1213 3869 sqq.

123 3887 199 3947 hein.
218 3891 290 3946 hlus.
308 3896 388 3949 1832.
405 3892 441 3946 ΙΙ.
458 3911 487 3966 p.
504 3897 556 3952 191
572 3909 633 3964 sqq.

123 4010 129 4049 ἰ
173 3997 241 4073 ¹¹¹)
277 3999 315 4058 ct.
331 3999 443 4058 Nizsch.
457 3997 476 4055 l.
492 3997 513 4054 l.
528 3995 596 4056 Vol.
611 3995 665 4050 111.
679 4015 709 4070 p.
722 3991 758 4050 12
771 4012 834 4071 sqq.

174 4105 240 4181 ¹²²)
276 4107 314 4170 ol,
324 4107 476 4168 Herodian.
492 4105 522 4164 in
533 4103 626 4180 Etym.
637 4103 676 4158 hl.
687 4121 708 4159 ο.
717 4122 744 4160 r.
758 4100 885 4164 Διόνοοος.
900 4099 936 4158 G.
946 4099 1098 4160 Hermann.
1110 4099 1214 4179 Opusc.

123 4194 181 4274 lp.
197 4203 310 4275 190sq.

944 4296 989 4356 lq*
