2842 4898
809 329 834 400 6

262 521 410 601 poemata
432 507 603 578 Homerica
630 513 665 579 in
691 514 791 580 unum
819 536 939 602 corpur
966 512 1137 602 redigenda
1154 513 1299 580 studium
1324 514 1381 581 ali-

264 624 354 711 quod
385 636 416 690 et
444 625 619 689 doctrinam
647 623 841 690 adhiberent.
888 627 963 711 Qua
996 629 1028 690 in
1056 650 1093 692 re
1125 627 1322 693 conficienda
1355 628 1380 690 si

267 741 339 825 quis
362 734 541 823 rhapsodus
565 739 831 821 comparationem
856 737 1011 824 evulgari
1033 737 1189 803 diversam
1213 741 1379 825 proterret,

265 853 321 935 qui
344 849 465 936 singula
496 832 632 913 carmina
651 846 895 934 componebant
924 850 1180 940 sensupquodam
1205 843 1377 936 pulchritu-

265 959 347 1025 dinis
377 971 408 1024 et
435 959 588 1044 religione
618 963 767 1025 commoti
790 959 930 1024 diversas
959 961 1028 1025 illas
1052 966 1307 1046 comparationes
1333 980 1376 1038 eo,

264 1088 331 1151 quo
354 1079 465 1130 nostro
488 1067 564 1131 loco
587 1071 706 1132 factum
730 1082 785 1149 est,
808 1071 906 1136 modo
931 1074 1131 1158 conjunxisse
1153 1071 1315 1136 videntur.

351 1173 441 1237 Alter
468 1174 574 1249 locuS,
604 1173 644 1235 de
675 1196 741 1257 quo
766 1176 925 1253 disseram,
947 1184 1036 1239 initio
1062 1179 1232 1258 Odysseae
1255 1183 1378 1246 inveni-

261 1294 314 1349 tur
336 1293 431 1368 atque
458 1303 600 1373 magnam
624 1291 655 1345 et
676 1285 790 1368 justam
813 1281 906 1345 nobis
930 1285 1123 1346 mirationem
1141 1296 1257 1378 movet.
1295 1292 1381 1354 Nam

263 1395 354 1484 quod
378 1399 446 1483 jam
469 1395 521 1460 alii
543 1396 602 1458 viri
631 1389 717 1457 docti
748 1391 1051 1483 perspexerunt,¹⁰)
1079 1394 1176 1456 exitus
1204 1395 1339 1459 'concilii
1365 1420 1383 1461 a

264 1509 324 1574 diis
358 1509 398 1573 de
430 1507 529 1571 Ulixis
559 1503 663 1568 reditu
699 1504 798 1568 habiti
827 1515 858 1568 et
888 1505 1052 1570 Minervae
1079 1506 1138 1568 iter
1174 1506 1206 1567 in
1236 1503 1379 1571 Ithacam

263 1632 454 1707 susceptum,
477 1627 595 1681 tantum
611 1613 710 1694 abest,
725 1625 761 1680 ut
777 1640 849 1681 cum
865 1618 1098 1703 exspectatione
1113 1625 1222 1677 nostra
1239 1636 1377 1682 consen·

263 1735 356 1812 tiant,
384 1742 420 1796 ut
448 1729 542 1815 plane
564 1727 638 1790 huic
661 1728 723 1791 sint
747 1733 911 1794 contraria.
956 1729 1078 1791 Etenim
1102 1746 1291 1815 quamquam
1318 1729 1375 1793 Mi-

261 1862 379 1906 nervae
405 1860 530 1924 preces,
560 1858 643 1922 quae
665 1838 782 1902 Jovem
806 1849 996 1922 ceterosque
1019 1835 1098 1900 deos
1122 1837 1373 1920 commovebant,

261 1961 298 2016 ut
326 1952 427 2016 Ulixis
459 1930 705 2015 recordarentur
739 1951 833 2034 eique
867 1947 994 2015 felicem
1019 1950 1052 2011 in
1080 1948 1211 2031 patriam
1239 1949 1373 2014 reditum

262 2063 396 2149 parandi
425 2063 589 2129 consilium
609 2071 782 2148 caperent,
810 2062 852 2124 ita
880 2070 953 2125 sunt
974 2062 1143 2137 institutae,
1168 2067 1205 2121 ut
1227 2061 1369 2123 auxilium

261 2172 371 2235 subito
401 2196 438 2236 ac
466 2179 567 2238 statim
596 2171 817 2257 praestandum
840 2175 1017 2257 requirant:
1044 2182 1149 2237 tamen
1170 2170 1296 2249 Jovem,
1320 2172 1373 2255 qui

261 2278 449 2347 liberalitate
473 2279 608 2366 quadam
623 2281 747 2346 Ulixem
772 2293 882 2348 contra
904 2284 1046 2367 Neptuni
1069 2285 1145 2345 iram
1169 2303 1203 2345 se
1223 2285 1372 2346 tuiturum

264 2415 335 2459 esse
364 2393 449 2458 filiae
471 2393 672 2478 promiserat,
699 2399 762 2468 tani
785 2399 928 2480 quietum
950 2392 1094 2458 videmus
1116 2404 1213 2477 atque
1234 2395 1371 2473 inertem,

262 2513 299 2567 ut
322 2506 390 2590 ejus
415 2502 503 2588 quod
532 2507 722 2588 promiserat
745 2529 827 2592 pene
851 2506 971 2570 oblitus
993 2504 1146 2570 videatur.
1191 2505 1310 2589 Neque
1332 2518 1371 2570 ta-

262 2635 334 2678 men
359 2637 453 2678 causa
477 2635 547 2678 csse
569 2614 635 2678 ulla
655 2618 770 2700 potuit,
794 2636 974 2700 quaecum,
998 2617 1167 2699 quominus
1183 2615 1372 2681 Mercurium

263 2724 303 2789 ad
328 2724 547 2814 Calypsonem
569 2729 719 2805 mitteret,
741 2724 948 2811 impediverit.
993 2726 1074 2790 Nam
1090 2735 1201 2802 metus,
1224 2745 1265 2787 ne
1291 2731 1372 2792 auxi-

261 2835 340 2902 lium
362 2837 616 2915 Ulixi-oblatum
637 2837 808 2924 Neptunus
831 2860 925 2924 aegre
948 2839 1053 2918 terret,
1076 2848 1143 2913 tum
1162 2859 1233 2903 cum
1248 2837 1371 2903 Mercu-

260 2949 326 3012 rius
349 2970 385 3011 re
407 2970 482 3013 vera
503 2947 706 3034 inOgygiam
728 2948 863 3013 insulam
885 2948 1159 3036 proficiscebatur,
1182 2950 1287 3013 minor
1308 2969 1370 3015 esse

261 3055 435 3142 nequibat,
451 3080 546 3144 quam
568 3062 703 3144 primum
725 3060 870 3125 Minerva
892 3059 1121 3133 adstimulante.
1165 3059 1232 3124 Sed
1254 3061 1371 3127 nullum

261 3168 341 3234 Jovi
361 3180 478 3236 metum
500 3170 718 3237 luisseverba
740 3171 949 3258 patefaciunt;

288 3350 291 3355 Ι
339 3365 382 3438 ¹⁰)
418 3387 445 3422 ι.
466 3386 491 3424 c.
512 3367 598 3424 Paulo
617 3368 684 3423 Beni
703 3366 933 3441 (Comparazione
951 3367 979 3421 di
993 3366 1078 3419 Hom.
1093 3362 1368 3439 Virg.e‘l'orquatc

260 3450 379 3516 Padova.
402 3457 483 3516 1607.
504 3453 546 3529 t.)
583 3460 616 3513 P.
640 3459 728 3533 Rapio
754 3457 953 3528 (observations
974 3473 1023 3509 sur
1040 3451 1067 3508 le
1086 3460 1195 3529 polimes
1214 3452 1369 3513 d'Horn.et

262 3547 390 3623 devirg.
412 3547 488 3604 Paris
504 3547 584 3609 1669.
613 3553 656 3604 12.
678 3547 726 3604 lat.
748 3548 850 3622 Ultraj.
873 3542 953 3603 1681.
981 3549 1025 3600 12.
1047 3564 1075 3619 p.
1091 3544 1127 3599 36
1141 3563 1202 3618 sqq.
1224 3539 1368 3616 61169.)-

260 3638 335 3697 Koes
354 3638 402 3712 (de
418 3639 610 3715 discrepantiis
628 3640 793 3716 quibusdam
812 3639 841 3695 in
854 3637 910 3696 od.
923 3637 1125 3692 occurentibus.
1156 3634 1272 3690 Halalae
1296 3634 1366 3694 1806

263 3737 291 3786 8.
312 3751 340 3806 p.
353 3737 386 3786 18
400 3732 477 3806 sqq.)
495 3762 522 3775 ·-
540 3729 635 3806 Spolia
655 3732 703 3804 (de
721 3742 842 3787 extrema
856 3727 914 3786 od.
926 3738 1015 3803 parte.
1038 3728 1112 3801 Lips.
1131 3727 1211 3782 1816.
1242 3733 1268 3782 8.
1298 3749 1326 3804 p.
1339 3728 1366 3790 91

261 3832 321 3877 not.
343 3822 385 3893 6.)
403 3853 430 3864 -
451 3823 555 3901 Kayser
574 3822 620 3893 (de
639 3822 743 3876 diversa
765 3819 974 3874 Homericorurn
994 3816 1284 3892 carminum‘origine.
1314 3816 1366 3873 tle‘·

262 3908 375 3982 delberg
395 3914 523 3968 18.15.’8.
545 3933 573 3988 p.
597 3917 640 3967 11.
660 3941 687 3954 -
714 3907 931 3985 depugnantium
959 3929 1029 3984 quae
1052 3911 1082 3964 in
1107 3920 1203 3964 nostro
1225 3908 1288 3964 loco
1308 3911 1367 3964 inest

261 4010 352 4066 neque
375 3997 410 4050 G.
431 4002 526 4073 Lange
551 4001 770 4076 (disquisitiones
796 3999 966 4055 Homericae.
991 4002 1023 4056 P.
1044 4001 1068 4054 1.
1090 4001 1271 4074 Argentorat.
1295 4002 1365 4056 1811.

260 4078 291 4137 ⁴·
311 4100 341 4156 e
359 4086 393 4137 12
406 4088 482 4158 'tt-l
501 4088 586 4156 totu.
606 4107 697 4164 noque
716 4089 877 4149 ouran
895 4087 1365 4154 rator.nu.or.vranuv.1u1.

261 4176 290 4233 ⁸·
312 4171 394 4258 Toe-
416 4173 440 4228 1·
455 4190 490 4248 r·
513 4180 578 4245 101,
596 4195 687 4253 nequ
705 4181 862 4243 ιιιωειιω
880 4179 901 4240 1.
920 4178 942 4238 1.
