2842 4898
819 323 843 395 4

271 510 343 594 ipso
370 505 496 595 populo
523 507 605 573 iacta
628 501 670 570 et'
686 505 840 590 protecta,
855 505 888 590 ⁷)
911 529 930 572 a
951 510 1121 596 rhapsodis
1140 519 1277 597 recitata,
1302 519 1387 584 mul·

271 629 323 684 tos
347 640 447 686 annos
469 621 618 682 memoria
641 626 763 681 tantum
785 621 1010 702 comprehensa
1026 646 1098 690 esse
1113 628 1254 709 arbitror,
1279 629 1388 695 donec

270 732 423 796 Pisistrati
445 751 522 792 cura
543 728 653 791 litteris
676 729 900 794 mandarentur
923 741 954 795 et
976 735 1008 797 in
1032 757 1131 802 unum
1155 763 1271 829 corpus
1294 742 1388 806 colli-

260 839 475 929 ‘gerentur⁸).
1010 844 1012 848 ⁴
1368 915 1371 924 ,

360 952 434 1035 Qua
456 952 488 1012 in
510 970 546 1012 re
571 960 718 1016 auctores
741 975 862 1039 sequor
884 965 915 1018 et
936 965 1091 1040 patronos
1113 959 1268 1028 Carolum
1285 966 1385 1029 Laeb-

268 1081 415 1126 mannum
437 1068 469 1121 et
492 1058 717 1124 Godoiredum
741 1065 970 1146 Hermannum,
995 1071 1082 1132 viros
1105 1071 1307 1154 clarissimos,
1332 1077 1387 1164 qui

268 1157 397 1236 lliadetit
419 1167 525 1232 multis
549 1167 739 1231 omninibus
763 1183 909 1233 constare
924 1182 1112 1256 argumentis
1128 1183 1386 1269 ostenderunt,⁹)

270 1283 387 1370 quibus
408 1279 488 1366 quid
511 1282 633 1366 opponi
655 1281 757 1363 possit
772 1278 919 1362 equidem
934 1284 1079 1344 nesciam.
1113 1285 1225 1367 Itaque
1237 1311 1310 1352 cum
1329 1317 1388 1359 sn.

270 1394 441 1483 persedere
463 1395 582 1480 possim
605 1390 699 1476 longa
722 1388 1235 1474 argumentorumenumeratione,
1258 1398 1387 1480 quibus

272 1507 386 1573 ductus
410 1506 490 1568 banc
513 1497 695 1567 sententiam
719 1499 879 1584 amplexus
897 1505 963 1580 sim,
987 1502 1053 1568 duo
1070 1504 1139 1569 sola
1154 1507 1315 1591 proferam
1332 1533 1386 1575 ar-

270 1628 431 1707 gumenta,
459 1635 542 1699 quae
568 1611 610 1676 ad
643 1633 711 1694 eam
739 1611 988 1678 confirmandam
1020 1615 1104 1680 haud
1137 1617 1267 1700 paulum
1302 1642 1384 1687 con-

268 1731 383 1795 lertmt.

357 1838 394 1899 lu
420 1832 526 1898 iliadis
554 1835 636 1896 enim
663 1831 747 1897 libro
776 1833 919 1898 secundo
948 1834 1040 1900 locus
1068 1836 1166 1922 aliqui
1192 1839 1289 1917 inest,
1326 1846 1380 1928 qui

204 2035 207 2038 ἦ
269 1951 327 2014 etsi
353 1956 488 2034 propter
515 1943 779 2032 pulchritudinem
808 1943 849 2008 ab
881 1947 1029 2022 omnibus
1057 1949 1124 2013 iere
1152 1952 1377 2033 interpretibus

269 2064 378 2126 eximie
399 2057 657 2147 praedicabatur,
685 2067 788 2121 tamen
809 2078 871 2122 nos
894 2070 1041 2124 accurate
1065 2059 1300 2126 considerantes
1321 2084 1373 2126 ve·

267 2169 428 2232 hementer
454 2170 610 2232 offendat:

356 2277 427 2339 455.
469 2270 536 2349 sitire
557 2280 612 2358 πῦρ
633 2268 748 2348 ἀΐδηλον
769 2272 917 2359 {nimbique
939 2272 1064 2342 rimarer
1084 2277 1155 2355 ὅλην

469 2371 564 2466 οὔριος
584 2378 612 2438 ἓν
631 2387 768 2466 κορυφῇς,
788 2375 896 2444 ἕκαθεν
918 2378 948 2444 δέ
969 2411 999 2444 τε
1021 2381 1151 2464 φαῖνετωο
1173 2380 1269 2468 αὕγῆ’

469 2474 508 2547 tic
526 2487 581 2542 τιέν
601 2479 760 2569 ἐρχομένων
780 2485 838 2548 eirrd
860 2495 980 2568 χαὶκοῦ
999 2489 1165 2552 θεσπεσίοιο

467 2580 555 2666 αἴγλη
576 2583 780 2666 παμφανᾶωσω
801 2587 828 2648 δν
847 2585 973 2675 ἀἰθέρος
993 2592 1107 2676 stipando
1126 2588 1193 2656 ἷκεν.

510 2698 575 2767 των
587 2689 623 2762 δ’,
644 2687 705 2756 oirr'
726 2687 846 2778 ὅρνῖθων
867 2699 1004 2764 πετεηνῶν
1025 2690 1116 2756 ἔθνεα
1137 2694 1243 2768 πολλοί,

275 2858 278 2862 .
357 2799 429 2862 460.
471 2803 567 2880 χηνῶν
587 2789 606 2872 ἢ
625 2790 752 2882 γεράνων
772 2789 791 2870 ἢ
809 2794 917 2859 κύκνων
939 2796 1169 2888 δουλιχοδείρων,

467 2898 555 2982 'Atriqr
576 2902 604 2962 ἓν
623 2907 746 2973 ictuum,
765 2898 925 2990 Koila-spise
946 2899 1021 2984 cippi
1041 2900 1147 2994 ῥέεθρα
1173 2910 1175 2913 ’

342 3097 369 3170 ’)
408 3093 495 3164 „Cbe
516 3095 609 3170 percib
634 3094 643 3147 i
668 3093 762 3168 popoli
788 3094 862 3169 greci
886 3107 998 3152 cotento
1023 3098 1164 3155 contelero
1187 3097 1259 3155 della
1284 3105 1314 3161 di
1335 3101 1372 3159 tut

265 3189 393 3261 (Omero)
411 3188 512 3263 patria,
531 3185 553 3240 e'
570 3184 579 3240 l
598 3182 700 3239 tollere
719 3185 797 3259 quasi
816 3188 882 3242 tutti
901 3186 945 3243 lor
963 3190 1111 3252 cittadino;
1133 3191 1232 3266 percbd
1250 3197 1303 3250 essi
1326 3213 1372 3271 po·

263 3277 322 3356 poli
341 3273 792 3351 grecisurouoquest⁸01nero.“
831 3275 866 3331 G.
888 3279 959 3336 Vico
984 3282 1102 3354 principi
1121 3283 1149 3334 di
1168 3283 1267 3334 scienz.
1291 3303 1368 3341 uuor.

265 3364 368 3442 lispoli
379 3371 458 3426 1811.
468 3362 534 3421 vot.
546 3365 597 3420 111.
610 3383 643 3438 p.v
650 3369 696 3418 38.
706 3362 930 3421 cbexcellentem
949 3365 1000 3418 bac
1018 3368 1053 3418 de
1071 3384 1100 3419 re
1111 3367 1313 3438 expositionem
1329 3371 1370 3430 νὴ·

264 3458 339 3516 docti
361 3453 605 3530 Dugas-Montbel.
632 3451 746 3508 histoire
768 3453 816 3508 des
839 3454 943 3528 poesies
961 3453 1153 3529 Homeriques.
1192 3456 1271 3512 Paris
1294 3469 1366 3520 1831.

286 3546 350 3604 ‚26
369 3565 446 3622 seqq.

263 3569 284 3628 p
340 3638 367 3714 ⁸)
403 3635 440 3694 ci.
456 3633 546 3692 Wott.
564 3632 699 3712 ‚Prolegp
720 3653 749 3710 p.
770 3631 877 3693 CXLII
894 3652 956 3713 sqq.
981 3633 1240 3711 Dugas-Mootbel.
1261 3639 1282 3694 l.
1306 3643 1364 3718 ip

264 3714 283 3787 6
300 3748 362 3808 sqq.
388 3729 435 3786 Fr.
450 3725 566 3794 llitscbl,
584 3726 631 3782 dic
644 3721 889 3781 Alexandriniscbe
907 3724 1063 3782 bibliotbck
1083 3739 1135 3782 etc.
1169 3728 1278 3786 Breslau
1293 3736 1364 3791 1888.

263 3829 290 3877 8.
315 3820 403 3897 ejusd.
424 3817 601 3875 corollarium
618 3815 811 3890 disputationis
829 3814 864 3868 de
881 3814 950 3871 bibl.
972 3817 1086 3874 Alexdr.
1117 3819 1195 3874 boon
1218 3817 1301 3878 tato.
1326 3820 1350 3878 l.

267 3910 269 3915 '
338 3909 365 3979 ⁹)
402 3908 575 3976 Lachmann,
596 3907 712 3990 „Ueber
728 3905 773 3990 die
792 3903 876 3960 llias“
898 3905 941 3962 in:
963 3908 1104 3964 Abbandl.
1126 3910 1175 3964 der
1194 3911 1362 3969 Academi.

261 3992 312 4047 W.
328 4011 362 4047 zu
381 3996 474 4052 Berlin
493 4019 542 4054 aus
559 3999 589 4054 d.
608 3997 714 4056 dabren
733 3999 802 4054 1837
821 4005 850 4051 et
869 3995 950 4054 tait.
970 4029 998 4043 -
1016 3999 1052 4053 G.
1064 3999 1218 4054 Hermann.
1235 4003 1271 4058 de
1290 4004 1364 4060 iota·

259 4078 448 4228 pqlpttiqqipps
463 4083 595 4226 piamen.
633 4087 744 4163 lipsiae
761 4091 842 4173 1888.
870 4081 898 4145 l.
926 4089 963 4146 de
985 4089 1090 4147 iteratis
1112 4090 1188 4166 apud
1206 4091 1361 4155 lienem
1411 4151 1413 4156 .

290 4189 329 4226 l·
431 4208 438 4225 ι
484 4211 492 4229 ο
