2842 4898
451 370 454 377 ’
577 337 631 414 73

51 523 161 590 fabula
182 525 327 609 propius,
352 543 445 606 quam
470 520 610 601 Achillis,
639 520 680 586 ad
701 503 847 609 Delphos
868 521 1056 609 pertinebat.
1102 521 1170 592 Cli-

53 636 180 701 sthenes
201 628 372 722 ‘pup'wdctlr
394 629 507 700 ἔπαυσε
528 631 556 699 ἒν
576 633 701 707 Σικυῶνι
721 635 920 723 ἀγωνίζεσθαι
938 635 993 702 τῶν
1009 624 1171 722 Ὁμηρείων

53 745 144 814 ἐπέων
165 741 267 825 εἵνεκα,
293 741 337 812 ’ὅτι
353 739 485 832 Ἀργεῒοί
496 770 529 811 τι
548 739 599 812 nal
616 739 725 832 'Appos
748 741 790 813 rol.
814 741 922 814 πολλοὶ
940 744 1041 818 adura
1059 745 1172 836 ὑμνίω-

55 885 107 924 rer
119 856 128 891 ¹
140 855 202 942 66).
240 856 325 937 „Sed
340 855 444 936 iidem,
468 877 551 940 quos
567 855 746 923 Clisthenes
762 859 905 944 Sicyone
919 860 1053 947 amplius
1069 859 1171 924 audiri

54 968 173 1048 noluit,
204 971 307 1034 invisa
326 967 373 1032 illi
396 970 533 1031 carmina
555 967 641 1033 domi
663 972 732 1035 sine
760 968 862 1035 dubio
884 975 981 1058 magis
1003 975 1096 1036 etiam
1119 993 1171 1036 ee·

56 1079 229 1145 lebrarunt.
273 1080 451 1164 Sequemur
472 1079 598 1165 fugatos
622 1079 751 1145 domum
773 1081 953 1146 redeuntes.
997 1081 1047 1147 lbi
1061 1085 1095 1145 in
1109 1081 1171 1146 Ar-

57 1190 174 1277 golide,
196 1193 257 1254 nisi
279 1193 382 1255 omnia
404 1189 526 1269 fallunt,
549 1191 681 1255 Homeri
702 1190 885 1256 laudatores
907 1194 1058 1278 imprimis
1082 1202 1171 1257 vete-

55 1323 108 1366 res
131 1300 404 1387 deprehendimus
448 1300 530 1365 Nam
553 1304 579 1365 si
599 1300 713 1367 indicia
729 1305 918 1387 quaerimus,
941 1323 1024 1387 quae
1040 1304 1172 1367 Homeri

56 1416 172 1498 poesin
194 1422 269 1497 post
290 1413 473 1497 Lycurgum
495 1414 527 1476 in
548 1412 774 1498 Peloponneso
789 1423 897 1477 notam
912 1413 1010 1477 fuisse
1025 1411 1172 1497 prodant,

50 1528 139 1590 inter
162 1522 304 1610 cyclicos
330 1525 453 1606 priores
489 1524 619 1610 Hagiam
650 1525 862 1589 Troezenium
895 1525 1088 1603 invenimus,
1117 1523 1173 1607 qni

36 1638 183 1701 'omissis
211 1633 373 1698 erroribus
403 1633 503 1698 Ulixis
525 1634 706 1700 Atridarum
735 1638 837 1721 jurgia
866 1645 898 1699 et
927 1633 1049 1699 reditus
1070 1634 1173 1698 intau-

57 1757 134 1826 stos,
151 1744 348 1832 Cepharidas
370 1745 501 1832 Nauplii
524 1744 794 1811 exsecrationibus
818 1756 849 1811 et
872 1745 955 1810 dolis
975 1743 1094 1825 letales,
1117 1744 1173 1810 de-

58 1859 156 1942 nique
184 1856 303 1921 salvum
331 1860 365 1921 in
391 1859 502 1942 paucis
528 1856 727 1938 Diomedem,
750 1860 803 1922 eui
826 1859 992 1922 Troezene
1014 1865 1172 1942 paruerat,

60 1971 93 2031 iu
105 1969 215 2033 Nostis
231 1971 372 2034 cecinit.“
384 1967 394 2000 ¹
406 1967 419 2001 6
429 1966 460 2050 ⁶)
472 2003 513 2017 -
537 1968 706 2047 Neoti'chii,
723 1967 856 2053 Cymae,
873 1971 965 2053 cujus
981 1990 1051 2031 cum
1067 1969 1174 2032 Boeo-

62 2080 102 2143 tia
125 2082 309 2166 conjunctio
334 2080 442 2143 intima
465 2085 541 2154 erat,
565 2075 673 2139 coloni
693 2076 779 2161 apud
794 2097 830 2140 se
850 2072 1049 2164 Ἀμφιαράου
1069 2074 1174 2166 liba-
1202 2162 1205 2166 ι

61 2215 107 2256 co
128 2193 336 2276 compositam
364 2209 436 2253 esse
462 2184 703 2271 ferebant¹⁶⁷).
753 2185 861 2271 Quid?
891 2186 1047 2253 Cinaetbo
1075 2189 1176 2254 Lace-

59 2299 253 2382 daemonius,
276 2302 373 2366 Asius
396 2299 530 2376 Samius,
552 2296 705 2360 Eumelus
726 2294 921 2377 Corinthius,
946 2297 1095 2364 Chersias
1110 2299 1175 2362 Or-

57 2411 258 2489 ebomenius,
289 2414 344 2492 qui
366 2413 448 2472 inter
470 2410 704 2492 antiquissimos
730 2418 844 2493 poetas
867 2410 978 2492 epicos
1007 2427 1174 2471 numeram

55 2533 120 2600 tur,
143 2518 232 2581 nulla
255 2517 315 2581 alia
334 2519 454 2582 ratione
477 2522 627 2583 commoti
648 2521 764 2605 patrias
787 2521 937 2604 imprimis
959 2515 1085 2582 labulas
1108 2527 1171 2584 tra-

57 2637 241 2708 ctaverunt,
270 2650 362 2712 quam
386 2627 476 2714 quod
498 2639 530 2694 et
551 2628 613 2694 sibi
634 2632 712 2717 ipsis
735 2639 767 2696 et
787 2632 836 2710 iis,
867 2632 901 2696 in
924 2651 1062 2715 quorum
1085 2628 1172 2695 dele-

57 2743 228 2805 stationem
251 2743 388 2803 carmina
410 2761 469 2804 sua
492 2740 736 2824 componebant,
764 2740 838 2805 illae
859 2740 987 2804 fabulae
1007 2740 1173 2826 jucundis·

60 2855 155 2916 simae
179 2847 381 2933 essent¹⁶⁸).
424 2847 580 2916 Pindarus
601 2852 726 2937 juvenis
749 2876 768 2917 a
790 2849 942 2931 Corinna,
965 2848 1055 2935 quod
1069 2850 1174 2916 nuHas

60 2962 184 3029 fabulas
206 2963 240 3025 in
263 2959 453 3024 carminibus
476 2973 766 3042 commemorasset,
788 2963 999 3048 reprehensus
1021 2961 1173 3048 hymnum
1210 3033 1212 3037 ,

63 3075 250 3160 composuit,
273 3074 365 3158 cujus
387 3074 480 3158 primi
500 3095 612 3138 versus
634 3074 702 3138 lere
723 3084 821 3138 totam
835 3074 1033 3139 Boeotorum
1048 3073 1175 3158 mytho-

64 3182 174 3272 logiam
197 3180 586 3269 complectebantur¹⁶⁹).
632 3182 794 3251 Corinnae
816 3183 959 3271 denique
979 3185 1078 3270 ipsius
1094 3203 1177 3267 quaa

72 3360 269 3378 *-

138 3495 201 3567 rss)
238 3494 373 3551 Herodot,
389 3495 428 3561 V,
443 3494 490 3554 67.
509 3491 545 3552 ol.
562 3491 685 3553 Nitrseb.
700 3494 840 3553 Meletem.
854 3497 878 3554 I.
900 3515 928 3574 p.
947 3492 999 3553 1511
1012 3515 1073 3572 sqq.

136 3602 199 3676 666)
236 3604 319 3660 verba
336 3613 403 3659 sunt
421 3602 545 3660 Nitraeb.
566 3601 704 3659 Meletem.
721 3606 744 3660 l.
760 3624 789 3679 p.
807 3609 869 3662 155.

10 3761 12 3798 ᾗ
138 3711 201 3784 ¹⁶⁷)
238 3710 343 3768 Herod.
358 3710 419 3769 vit.
434 3709 520 3764 Hom.
536 3727 581 3783 cp.
596 3712 625 3796 9
640 3707 783 3764 Welclrer.
798 3705 908 3782 Episeb.
923 3705 1003 3782 Cycl.
1025 3724 1054 3780 p.
1070 3710 1123 3762 201
1132 3723 1174 3782 sq.

69 3799 125 3856 206.
139 3805 193 3862 207
207 3821 251 3878 sq.

137 3910 199 3983 ¹⁶⁸)
237 3909 274 3966 cs.
288 3905 325 3965 0.
339 3903 469 3973 Mueller,
488 3903 651 3961 Gescbiclrte
660 3904 709 3960 der
718 3924 759 3980 gr.
770 3880 932 3960 Litteratur.
954 3887 1074 3958 Breslau.
1092 3899 1174 3962 rsit.

69 3994 143 4056 lom.
158 4001 182 4056 1.
199 4020 227 4074 p.
244 4000 296 4058 177
309 4017 372 4072 sqq.
411 3992 630 4052 Marclrscbelsel.
668 3993 795 4062 Hesiodi,
813 3993 875 4049 Arii
886 3992 981 4061 Samii,
997 3991 1177 4052 Cinaetbouis

68 4086 98 4145 al.
115 4090 278 4166 fragmenta.
317 4089 395 4162 Lips.
412 4083 492 4142 18l0.
514 4105 543 4160 p.
559 4082 613 4139 216
625 4102 686 4158 sqq.
708 4077 762 4141 245
775 4103 836 4160 sqq.
858 4088 912 4146 259
923 4103 986 4160 sqq.
1007 4084 1059 4142 261
1072 4103 1115 4161 sq.

22 4246 26 4287 t
135 4198 197 4271 ¹⁶⁹)
235 4197 271 4254 cs.
288 4196 381 4272 Frgm.
396 4191 532 4272 hymnal.
548 4182 592 4250 ed.
612 4190 752 4296 Eoeolrb.‘
