2842 4898
827 337 852 421 2

285 521 359 583 tiam
382 516 589 598 discedamus,
612 540 684 582 cum
705 519 879 582 inveterata
901 518 954 582 illa
976 517 1016 582 de
1030 518 1171 582 Homero
1188 517 1312 602 opinio,
1339 541 1400 606 qua

285 630 337 692 hic
370 634 466 694 totius
498 631 605 695 Iliadis
639 628 873 712 Odysseaeque
911 640 1021 692 auctor
1054 629 1253 713 perhibetur,
1291 651 1399 715 neque

287 741 496 805 diversitatem
520 738 620 816 illam,
645 761 739 821 quam
763 737 832 817 dixi,
856 738 944 801 tollat
967 761 1072 822 neque
1095 744 1165 823 ipsa
1188 743 1262 804 satis
1288 741 1398 826 exple-

285 863 353 915 rata
377 862 521 915 constare
544 849 696 912 videatur.

373 962 586 1025 Nihilominus
602 961 690 1037 hanc,
706 980 789 1043 quae
805 969 852 1022 est
867 960 1069 1040 antiquitatis,
1085 963 1266 1044 opinionem
1279 965 1395 1028 nostris

284 1071 482 1152 temporibus
516 1068 686 1130 defendere
719 1072 869 1152 imprimis
904 1081 1035 1133 conatus
1068 1081 1115 1134 est
1152 1072 1395 1150 Nitzscbius‚

285 1182 354 1263 qui,
381 1188 417 1239 ut
447 1175 486 1238 de
508 1175 605 1238 Iliade
633 1186 768 1252 taceam,
792 1175 962 1258 Odysseae
984 1177 1085 1241 libros
1108 1183 1215 1262 viginti
1243 1177 1396 1266 quattuor

286 1289 443 1352 communi
474 1284 613 1369 quodam
636 1283 764 1347 vinculo
799 1289 961 1370 contineri
982 1296 1012 1349 et
1041 1291 1074 1350 in
1105 1290 1174 1370 ipsa
1203 1294 1329 1372 origine
1360 1297 1399 1357 ita

283 1403 443 1464 institutos
467 1419 504 1459 ac
527 1397 678 1459 lormatos
703 1416 772 1458 esse
796 1394 972 1474 arbitratur,
995 1407 1030 1460 ut
1053 1397 1123 1461 libri
1145 1401 1268 1481 priores
1285 1414 1401 1483 poste·

284 1514 385 1575 riores
407 1511 583 1592 requirant,
612 1527 717 1589 neque
740 1508 1029 1589 posterioresesse
1051 1510 1174 1591 possint
1196 1511 1257 1570 nisi
1279 1512 1398 1592 priori·¹

280 1621 347 1686 -bus
371 1621 557 1705 antegressis
574 1616 615 1700 ²),
661 1618 836 1702 Praecipue
858 1616 936 1681 vero
958 1617 1020 1680 hoc
1042 1616 1116 1680 inde
1134 1615 1240 1680 studet
1263 1616 1393 1684 dernob·

284 1744 394 1810 strare,
425 1729 513 1814 quod
545 1728 726 1813 Odysseam
763 1731 805 1791 ita
839 1740 1003 1811 quattuor,
1018 1727 1161 1820 partibus
1193 1731 1391 1796 constitutae

282 1865 355 1906 esse
379 1840 463 1917 dicit,
485 1849 520 1902 nt
542 1841 643 1923 prima
656 1838 766 1901 Ulixes
788 1859 806 1899 a
829 1836 928 1901 domo
945 1848 976 1902 et
993 1859 1091 1903 uxore
1106 1836 1233 1918 absens,
1254 1840 1389 1907 secundi
1420 1898 1421 1920 ,

279 1953 393 2017 Ulixes
421 1950 550 2014 domum
576 1958 753 2028 revertens,
781 1951 871 2012 tertii
900 1949 1008 2014 Ulixes
1037 1950 1083 2014 de
1100 1949 1223 2014 ultione
1247 1957 1387 2039 capitana

285 2067 398 2148 quarta
421 2060 558 2146 denique
579 2060 688 2125 Ulixes
713 2082 835 2145 poenas
857 2083 876 2124 a
899 2065 1007 2146 procis
1028 2072 1175 2148 repetens
1199 2072 1230 2141 ct
1252 2066 1287 2128 iu
1305 2066 1388 2148 quie

284 2183 348 2236 tam
371 2176 477 2234 uxoris
500 2174 652 2255 regnique
675 2175 908 2254 possessionem
931 2177 1095 2238 restitutus
1109 2171 1353 2256 >celebretur3).

278 2328 297 2342 .
373 2284 419 2346 At
438 2282 517 2345 baec
536 2284 595 2345 viri
619 2279 791 2344 doctissimi
813 2286 966 2345 sententia
986 2282 1026 2347 de
1043 2282 1222 2369 Odysseae,
1247 2287 1385 2371 quasin

286 2393 351 2478 guli
380 2391 453 2456 libri
481 2395 716 2469 contineantur,
745 2392 889 2470 vinculo,
918 2392 995 2457 nibil
1021 2393 1108 2458 aliud
1136 2406 1184 2459 est
1213 2398 1278 2460 υἰέ
1298 2396 1383 2473 filma

285 2513 322 2567 ut
342 2506 386 2566 ita
409 2501 519 2579 dicam,
545 2504 733 2565 narrationis
754 2501 944 2582 historiaeve
967 2526 985 2567 a
1006 2517 1104 2590 poeta
1125 2505 1269 2584 traditae,
1291 2523 1382 2594 nequt

278 2635 364 2678 -rero
388 2634 504 2677 nervus
528 2622 565 2676 et¹
582 2615 682 2675 anima
705 2594 984 2698 hujusrpoematis,
1009 2635 1074 2698 quo
1098 2615 1203 2700 aliqua
1227 2621 1379 2685 animibt

278 2728 369 2789 >mani
392 2723 539 2800 condicio
562 2727 629 2788 sive
652 2725 784 2789 allectus
807 2724 905 2809 aliqui
931 2723 993 2788 sub
1020 2727 1152 2810 imagine
1178 2725 1323 2796 hominis
1339 2751 1378 2794 ae

279 2836 409 2924 vjusdam
432 2837 561 2922 tingitur
584 2845 615 2899 et
636 2839 838 2921 proponitur.
883 2837 1023 2901 Historia
1044 2840 1134 2917 enim,
1152 2859 1242 2921 quae
1259 2843 1377 2907 carmin

279 2946 405 3032 'aliquo
420 2957 592 3024 enarratur,
614 2969 678 3011 una
701 2967 770 3010 esse
793 2957 902 3032 potest
923 2957 1166 3013 etztotasecum
1183 2958 1377 3025 consentiens
1420 3016 1421 3020 ,

284 3079 390 3144 neque
410 3067 516 3122 tamen
532 3078 652 3142 poema
671 3055 839 3120 artificium
855 3069 949 3151 estet
964 3080 1056 3143 opus,
1077 3068 1146 3145 quo
1163 3063 1221 3124 aut'
1232 3059 1376 3130 audien&
1418 3111 1421 3126 .

285 3182 341 3235 aut
366 3169 501 3257 legendo
532 3169 693 3233 bominum
721 3170 815 3232 animi
836 3191 903 3235 non
924 3170 1046 3256 vulgari
1067 3171 1165 3236 modo
1188 3170 1377 3241 delectentu

286 3278 388 3361 Quod
416 3288 452 3342 ut
466 3279 645 3357 alliciatur,
673 3284 1020 3364 cogitationem'inesse
1040 3282 1178 3367 aliquam
1200 3287 1234 3346 in
1258 3289 1378 3351 aarum

276 3406 370 3472 -opus
402 3396 464 3463 est,
492 3395 575 3472 quae
604 3391 839 3473 omnium-pari
869 3390 968 3457 modo
996 3395 1117 3458 intersit
1139 3400 1179 3454 :et
1203 3394 1270 3473 qua
1299 3390 1377 3460 anfi
1419 3426 1421 3439 1

276 3500 386 3564 nostri
412 3496 475 3561 sub
503 3501 609 3583 specie
637 3497 855 3564 delectationis
885 3503 1112 3588 compleantur.
1136 3502 1228 3584 gHoc
1249 3498 1375 3588 igitura‘
1416 3512 1421 3551 t

283 3625 474 3696 quaeremus
500 3612 533 3675 iu
561 3610 662 3675 Ulixis
689 3608 797 3689 fabula
822 3611 917 3699 longe
945 3614 1034 3679 aliud
1060 3615 1278 3692 inveniemus,
1301 3620 1373 3702 qun

274 3720 376 3806 -quod
403 3746 422 3786 a
450 3723 613 3788 Nitzscbio
642 3721 803 3808 prolatum
831 3733 888 3788 est
932 3726 1104 3811 Explicuit
1120 3727 1206 3789 enim.
1230 3741 1372 3812 argum
1408 3735 1421 3753 ¹

220 3827 223 3831 ’
274 3842 360 3898 tum.
379 3830 541 3925 ἓξωτερικὲν
562 3856 628 3900 non
652 3828 829 3921 irorrprxr'r,
856 3836 901 3901 ita
926 3847 963 3902 ut
983 3837 1044 3901 bac
1064 3835 1258 3923 singularmn
1283 3835 1348 3905 od*

272 3981 275 3987 Α
358 4007 386 4079 ²)
421 4002 559 4066 Anmerk.
581 4032 631 4068 zur
649 4009 781 4087 Odyssee.
819 3996 1157 4086 vol.1'1.p.‘x'xx111.'
1187 3995 1192 4006 ’
1239 4002 1241 4008 ’
1391 4013 1420 4069 ά

358 4090 384 4167 ³)
421 4095 441 4151 l.
462 4096 482 4151 l.
504 4117 533 4170 p.
554 4099 689 4158 xxxlv.
712 4113 739 4156 et
758 4111 821 4155 ante
839 4101 869 4156 in
882 4099 978 4173 Erscb.
993 4111 1021 4153 et
1034 4097 1156 4156 Gruber.
1175 4096 1312 4179 Eucyclo
1403 4131 1404 4142 ¹

282 4182 334 4241 der
351 4185 586 4267 Wirsenschnllen
605 4188 664 4243 und
683 4188 799 4246 Kiinstc.
837 4207 860 4246 r.
881 4203 907 4246 r·
926 4184 1076 4263 Odyssea·
1122 4204 1125 4209 ‘
1207 4190 1230 4217 ·”
1382 4202 1408 4246 rt
