2842 4898
696 306 746 381 {to

162 496 270 584 Quam
299 478 697 585 opinionem'accuratius.
721 514 899 580 expressam
926 478 994 558 ιιοιι
1007 480 1090 558 'esse
1116 498 1275 560 neminem

162 613 280 695 poterit
315 607 486 674 offendere.
543 607 624 670 Nam
659 629 730 670 cum
763 591 922 670 Homerus
956 628 1023 671 non
1051 607 1184 687 Orcum,
1216 607 1275 672 sed

162 722 286 786 Ulixem
321 724 352 783 in
381 738 421 781 eo
444 729 622 781 versantem
657 729 762 803 atque·
787 741 859 783 cum
893 723 1002 784 animis
1039 721 1274 804 colloquentem

160 832 257 895 vellet
281 829 469 925 describere,
492 854 595 916 pauca
617 814 737 895 tantum
762 830 937 916 eademque
960 831 1117 917 generalia
1134 831 1274 896 deOrco

160 945 232 1028 ipso
255 940 393 1005 debebat
417 965 454 1007 ex
479 944 602 1007 consilii
625 946 673 1007 sui
695 947 820 1007 ratione
834 945 987 1029 proferre.
1032 943 1159 1008 Deinde
1176 944 1275 1029 plura,

160 1054 278 1116 etiarnsi
307 1052 415 1118 dicere
442 1055 611 1131 voluisset,
640 1054 755 1117 dicere
778 1059 913 1119 'omnino
943 1076 1009 1119 nou
1038 1060 1150 1140 potuit.
1196 1047 1277 1119 Nam

160 1171 227 1228 iota
256 1164 335 1228 baec
364 1162 404 1226 de
426 1167 491 1226 vita
520 1171 594 1247 post
619 1171 752 1221 mortem
783 1148 1058 1245 degenda'opinio
1082 1172 1195 1228 natura
1219 1154 1278 1229 sud

60 1284 67 1290 '
160 1298 238 1384 vaga
263 1288 310 1342 est
332 1257 437 1361 neque
462 1276 554 1339 certis
578 1268 766 1357 quibusdam
789 1266 908 1330 finibus
932 1272 1165 1351 circumscripta
1181 1272 1249 1354 Η).

199 1390 367 1475 ·Neque
389 1409 467 1453 vero
490 1396 626 1473 possunt
648 1382 688 1447 ad
711 1383 890 1446 sententiam
906 1382 1005 1439 mea'm
1020 1364 1277 1464 redarguendam

161 1501 267 1599 allerri
291 1501 421 1565 Achillis
443 1497 555 1576 verba,
584 1495 700 1582 quibus
722 1493 843 1556 Orcum
871 1491 1082 1553 tristissimum
1108 1476 1204 1553 tradit
1224 1503 1276 1556 at-

162 1634 226 1696 que
247 1633 381 1698 prorsus
409 1610 584 1695 indignum,
613 1608 666 1690 qui
690 1624 759 1665 cum
780 1604 954 1664 miserrima
976 1605 1064 1665 vitae
1082 1594 1275 1703 condicione

161 1733 315 1787 mutetur·
332 1728 375 1802 (v.
390 1723 453 1784 188
468 1724 561 1802 sqq)
606 1717 656 1779 Ει
680 1711 796 1823 quibus
819 1713 926 1777 verbis
955 1717 1097 1798 quamvis
1125 1726 1176 1776 ma
1178 1723 1272 1799 gnum

160 1831 290 1914 aliquod
312 1834 395 1891 inter
416 1830 534 1890 inferos
558 1835 590 1889 et
612 1846 746 1909 superos
770 1823 937 1889 discrimen
960 1825 1156 1890 intercedere
1176 1846 1272 1912 appa-

158 1950 235 2019 reat,
256 1939 347 2004 nullo
368 1951 493 2004 tamen
490 1936 593 2002 modo
616 1947 724 2022 potest
748 1914 862 2023 colligi,
885 1939 1035 2001 inferos
1023 1959 1058 2001 ιιι
1082 1935 1270 2002 condicione

158 2056 293 2118 'versari
306 2057 335 2118 ei
364 2075 496 2139 prorsus
526 2049 678 2127 dissimili,
708 2071 770 2134 qua
794 2061 885 2113 antea
909 2053 957 2113 usi
984 2051 1125 2113 luissent
1160 2034 1266 2112 Sicuti

159 2164 239 2226 enim
263 2142 365 2226 bomo
396 2166 493 2246 aliqui
521 2172 627 2244 potest
655 2164 695 2224 in
717 2172 831 2255 statum
860 2161 995 2245 aliquem
1024 2164 1133 2223 venire
1163 2161 1268 2243 priore

156 2262 315 2375 ιιιιιιιιιιιι
345 2277 393 2336 ita
414 2269 554 2335 hominos
579 2274 686 2335 morte
714 2274 745 2335 in
774 2248 867 2336 talem
897 2270 1012 2335 delerri
1040 2271 1268 2349 condicionem,

159 2388 263 2473 qualis
248 2363 432 2451 omnibus
453 2384 534 2445 vitae
564 2381 807 2489 condicionibus
831 2385 925 2470 pejor
947 2393 1040 2463 esset,
1067 2382 1206 2490 Graeci
1210 2383 1269 2447 cxi·

156 2495 409 2642 stimarunt⁶⁹).·
464 2509 475 2519 ‘·

180 2604 446 2687 mQuamquam
469 2606 563 2690 igitur
585 2606 757 2669 inferorum
781 2615 881 2695 status,
902 2602 968 2668 non
990 2604 1082 2683 idem,
1107 2608 1164 2690 qui
1180 2582 1268 2669 antea

155 2717 264 2791 luerat,
287 2713 472 2795 habebatur,
495 2728 599 2781 tamen
622 2738 687 2781 non
710 2721 814 2804 potuit
829 2720 889 2781 nisi
909 2716 970 2781 sub
981 2718 1088 2805 hujus,
1113 2738 1178 2801 qua
1193 2718 1267 2781 frui-

153 2848 236 2923 mur,
259 2829 341 2890 vitae
370 2829 472 2892 forma
502 2832 639 2915 cogitari.
686 2805 769 2913 Quis
799 2839 846 2893 est
875 2832 970 2902 enim,
1000 2833 1054 2914 qui
1085 2827 1146 2892 sibi
1174 2833 1264 2893 vitam

153 2934 289 3020 'aliquam
313 2940 433 3025 surgere
456 2944 556 3024 possit
581 2939 701 3033 nisi'uad
725 2940 820 3031 hujus
840 2943 929 3031 ritae
945 2944 1099 3003 rationem
1123 2960 1263 3028 corpora,

152 3047 265 3128 lucem,
287 3057 399 3129 ae'rem,
416 3051 519 3115 solum
522 3051 689 3137 ,linguatu
707 3051 842 3130 colores,
859 3052 918 3114 alia
934 3051 1189 3139 suinpserit⁶⁰)?
1210 3051 1264 3114 lr-

152 3159 282 3269 dcamus
311 3163 409 3228 modo
434 3162 645 3242 Christianos,
675 3162 941 3259 quemadmodum
966 3162 1027 3227 sibi
1049 3168 1143 3228 vitam
1167 3175 1266 3228 aeter·

151 3258 223 3337 bam
254 3273 382 3358 fingant,
421 3288 527 3361 neque
559 3275 715 3338 mehercle
746 3274 924 3353 Graecos,
943 3279 998 3361 qui
1031 3295 1151 3340 summo
1181 3278 1266 3337 vitae

152 3405 260 3449 amore
284 3382 457 3470 gauderent
486 3395 518 3448 et
546 3387 716 3448 arctissime
741 3406 811 3448 cum
833 3396 946 3449 natura
969 3399 1073 3452 essent
1096 3385 1266 3470 conjuncti,

153 3495 276 3564 Orcum
299 3495 434 3582 effigiem
453 3498 537 3561 vitae
560 3494 708 3561 habuisse
730 3484 922 3584 negabimus.
968 3497 1149 3565 Ostendant
1170 3493 1264 3561 nobis
1310 3526 1312 3547 ι

153 3744 175 3841 ι,
230 3781 274 3856 ⁵⁸)
311 3780 352 3838 c.l.
362 3779 522 3843 Voelclser.
528 3781 643 3837 Homer.
660 3778 816 3858 Geograpb.
832 3798 861 3854 ιι.
873 3786 936 3837 153.
952 3778 1039 3863 Cour.
1055 3776 1243 3841 Schwenck.
1235 3797 1260 3835 ιι

150 3870 266 3946 prem.
281 3871 365 3928 litter.
382 3871 494 3927 Halous.
513 3867 592 3926 1811.
608 3871 708 3926 Octob.
723 3890 767 3924 nr.
782 3876 844 3926 182.
860 3890 888 3944 p.
905 3875 957 3925 235
971 3891 1014 3944 sq

203 3979 271 4123 Γ)
309 3981 344 4035 cf
356 3980 390 4036 Il
406 3980 459 4047 IX,
474 3985 537 4037 312.
550 3979 605 4037 Od.
616 3979 669 4048 XI,
683 3976 730 4041 94.
743 3978 804 4036 156.
817 3978 871 4039 tit
885 3999 947 4053 sqq
939 3977 1086 4048 618aqq
1097 3975 1156 4032 XII
1159 3985 1301 4052 ,2ltq¹

149 4069 189 4141 X,
221 4067 332 4144 96sqq.
656 4092 660 4100 Δ

226 4175 272 4252 ⁶⁰)
307 4146 454 4240 Voclcker
477 4176 572 4234 Ucber
589 4177 634 4235 dic
646 4179 875 4252 Bedeutungrot
886 4144 1259 4254 lcxiu.rllanrrp.19rq·
