2842 4898
592 384 641 457 69

147 569 213 637 Sed
237 567 298 633 alia
321 589 453 654 quoque
475 570 608 649 ratione,
632 571 658 634 si
682 573 734 634 cui
756 580 923 658 tantopere
937 569 1051 663 Νεκυίᾳ
1071 575 1178 640 inhae-

58 704 128 749 rere
150 705 181 747 v.
199 687 242 745 22
273 679 434 765 videatur,
467 691 503 745 ut
531 668 599 746 sine
627 682 833 747 incommodo
862 685 1010 757 convelli¹
1029 696 1176 772 nequeat,
1293 662 1295 666 V

59 817 133 859 cnm
154 815 224 858 mea
245 793 285 857 de
309 803 380 857 toto
404 791 487 858 libro
505 791 674 858 undecimo
690 797 844 859 sententia
857 804 890 860 et
904 820 955 860 vv.
967 798 1023 861 6-8
1044 808 1077 862 et
1089 821 1119 862 v.
1132 804 1175 862 22

60 926 192 991 possum
221 904 399 970 conciliare.
444 904 527 968 Nam
557 928 628 970 cum
659 905 700 970 de
722 906 823 971 Ulixis
846 907 1009 973 erroribus
1037 908 1176 973 fabulam
1272 967 1278 979 ,
1325 889 1330 899 ⁵

60 1019 97 1081 iis
122 1016 327 1097 carminibus,
351 1037 434 1100 quae
456 1037 543 1080 nunc
565 1015 748 1102 Odysseam
772 1018 923 1099 efficiunt,
945 1042 1051 1104 neque
1075 1030 1176 1085 ortam

59 1150 166 1214 neque
200 1132 334 1214 primum
361 1126 550 1192 celebratam
585 1150 655 1193 esse
684 1139 827 1215 apertum
861 1134 915 1194 sit:
952 1131 1030 1214 quid
1061 1131 1176 1211 obstat,

61 1242 234 1324 quominus
255 1235 382 1310 Νεκυίας
417 1249 558 1324 poetam,
589 1243 656 1305 sive
687 1243 807 1325 primus
835 1241 959 1305 Ulixem
989 1241 1030 1305 ad
1056 1244 1175 1308 inferos

60 1350 316 1436 proficiscentem
343 1349 521 1434 descripsit,
551 1353 618 1416 sive
640 1350 694 1414 ille
716 1355 748 1416 in
772 1351 895 1417 Orcum
918 1352 1090 1417 descensus
1112 1357 1175 1440 jam

61 1471 154 1525 antea
176 1472 274 1524 notus
297 1463 371 1540 fuit,
402 1458 442 1524 ab
466 1461 570 1527 Aeaea
592 1462 715 1527 Ulixem
738 1466 934 1549 navigantem
958 1463 998 1526 ad
1022 1464 1174 1527 Tiresiam

10 1598 14 1629 ε
51 1572 123 1636 sibi
146 1571 274 1636 linxisse
298 1576 498 1638 censeamus?
529 1575 638 1659 Atque
660 1596 701 1638 ne
715 1574 778 1639 hoe
795 1573 923 1659 quidem
942 1572 982 1639 ab
1002 1574 1057 1638 illo
1077 1585 1175 1661 poeta

10 1654 15 1705 l
61 1705 131 1749 esse
154 1687 315 1748 inventum
337 1705 468 1748 necesse
491 1695 546 1765 est,
570 1686 627 1750 sed
649 1707 686 1749 ex
709 1685 939 1771 antiquioribus
962 1696 1017 1750 aut
1033 1689 1176 1750 carmini-

59 1795 121 1860 bus
145 1806 201 1859 aut
221 1795 335 1881 populi
357 1795 589 1861 narrationibus
613 1795 812 1882 desumptum
836 1819 906 1862 esse
923 1808 1038 1883 potest.
1074 1795 1176 1882 Quod
1265 1871 1266 1874 Ἴ

10 1926 12 1935 ·
62 1910 120 1971 etsi
143 1906 366 1995 contenderim,
389 1919 494 1973 tamen
515 1908 701 1973 undecimae
718 1908 908 1995 rhapsodiae
924 1919 1087 1974 auctorem
1104 1911 1174 1995 ejus

59 2017 185 2082 labulae
205 2019 335 2099 formae,
360 2040 455 2103 quam
477 2017 521 2082 lb.
537 2020 569 2081 X
584 2028 615 2080 et
629 2021 688 2082 XII
709 2020 891 2103 praebeant,
913 2020 1010 2083 ullam
1032 2023 1175 2083 notitiam

10 2160 13 2245 q
60 2127 207 2195 babuisse
235 2151 369 2216 prorsus
397 2148 491 2213 nego.
536 2126 649 2190 Nostri
677 2131 759 2192 enim
786 2127 861 2191 libri
881 2138 977 2214 poeta
1005 2127 1045 2193 ab
1068 2128 1177 2193 Aeaea

62 2240 189 2326 quidem
210 2243 350 2320 Ulixem,
380 2237 438 2303 sed
464 2248 579 2324 sponte
601 2239 635 2301 in
658 2236 793 2316 Orcum,
825 2242 967 2322 quamvis
989 2243 1177 2306 instructum

63 2351 213 2434 aCirca,
243 2353 424 2440 profectum
456 2371 525 2415 esse
555 2346 617 2412 sibi
646 2347 745 2412 finxit.
788 2349 872 2414 Nam
899 2349 1022 2429 Ulixes,
1055 2373 1113 2413 cur
1141 2353 1176 2414 in

60 2462 186 2530 Orcum
206 2466 360 2537 venisset,
384 2484 403 2521 a
423 2470 521 2523 matre
543 2463 763 2546 interrogatus,
785 2461 813 2523 si
834 2457 948 2525 Circae
970 2461 1063 2546 jussu
1084 2457 1175 2523 ades-

55 2585 116 2652 set,
138 2573 224 2634 hanc
244 2589 310 2631 rem
334 2579 607 2635 commemorasset
627 2592 733 2656 neque
755 2570 826 2635 sola
845 2569 1078 2637 necessitudine
1102 2592 1175 2636 coa-

54 2693 146 2748 ctum
169 2700 205 2744 se
227 2678 268 2743 ad
289 2679 409 2744 inferos
430 2681 610 2766 profectum
632 2704 702 2747 esse
725 2681 861 2747 dixisset.

149 2789 456 2877 Quomodocunque
483 2801 589 2854 autem
616 2813 667 2856 res
690 2814 760 2858 sese
782 2792 891 2873 habet,
919 2814 1025 2877 neque
1047 2789 1177 2867 Νεκυίως

62 2911 189 2995 poetam
218 2900 292 2966 libri
321 2901 434 2966 decimi
462 2911 493 2966 et
521 2898 717 2983 duodecimi,
745 2925 851 2989 neque
880 2905 994 2994 horum
1022 2901 1176 2968 librorum

65 3026 223 3082 auctorem
246 3016 328 3097 (sive
351 3017 521 3096 auctores),
544 3015 664 3100 quippe
687 3018 743 3100 qui
765 3015 895 3082 aCirca
909 3015 1033 3080 Ulixem
1056 3012 1175 3100 depe-

64 3127 168 3193 rieulis
197 3129 231 3190 in
257 3125 364 3190 reditu
391 3124 566 3190 subeundis
590 3124 739 3191 edoctum
762 3126 979 3214 descripserit,
1009 3125 1112 3191 Ulixis
1135 3120 1177 3190 ad

68 3237 186 3304 Orcum
209 3237 345 3323 profecti
366 3236 463 3298 ullam
485 3238 630 3299 notitiam
651 3235 800 3302 babuisse
821 3248 946 3304 constat
959 3236 967 3269 ¹
980 3234 1043 3320 ⁶⁰).
1080 3233 1176 3300 Unde

67 3351 213 3435 seqnitur,
237 3358 273 3413 ut
294 3350 333 3414 iis
351 3346 461 3411 saltem
476 3344 824 3435 temporibus'quibus
840 3354 965 3416 carmen
979 3343 1019 3416 rol
1037 3346 1088 3424 rie
1105 3342 1178 3437 Κίρ

138 3593 201 3668 ¹⁶⁰)
238 3593 386 3670 Quomodo
405 3593 529 3662 hiatum,
554 3614 635 3670 quem
660 3598 762 3653 exoriri
780 3596 852 3652 libro
872 3596 1019 3652 undecimo
1038 3614 1054 3648 a
1072 3604 1178 3650 retero-
1296 3634 1302 3642 .

71 3703 126 3742 rum
145 3685 248 3742 familia
266 3696 407 3760 segregato
426 3704 535 3740 necesse
553 3696 610 3749 est,
636 3685 764 3738 tollamus
789 3703 881 3736 meum
905 3703 963 3736 non
985 3693 1026 3752 est
1044 3683 1097 3734 hoc
1115 3682 1178 3737 loco

71 3775 207 3850 explicare.
248 3776 279 3830 Id
300 3784 407 3829 tantum
428 3783 584 3840 moneatur,
603 3781 631 3828 et
649 3772 679 3825 in
698 3769 754 3825 line
772 3769 812 3823 lb.
828 3769 893 3823 Xet
912 3767 992 3822 initio
1011 3766 1050 3821 lb.
1064 3767 1122 3822 XII
1139 3766 1179 3820 sa·

73 3863 119 3920 eile
135 3864 366 3924 diasceuastarum
384 3881 482 3918 manue
500 3879 580 3936 posse
598 3859 719 3936 agnosci.
759 3859 830 3914 Nam
850 3858 883 3912 iis
901 3855 1040 3922 versibus,
1063 3856 1111 3929 qui
1129 3861 1180 3910 Νε-

12 4006 17 4028 ,
75 3959 134 4015 atae
155 3958 289 4013 rationem
314 3953 432 4017 babent,
458 3970 513 4005 nna
537 3967 602 4004 cum
625 3951 676 4004 hec
700 3948 794 4024 eiectis
813 3948 866 4002 tria
884 3945 1009 4003 convivia
1028 3962 1085 4000 sese
1103 3944 1181 4001 deirr

75 4060 129 4120 oeps
151 4049 304 4125 excipiunt.
342 4043 379 4101 cl.
403 4042 442 4109 X,
466 4036 521 4096 466
540 4057 602 4115 sqq.
631 4037 765 4111 llSsqq.
790 4037 998 4108 x11‚eesqq.
1035 4033 1071 4092 cf.
1096 4053 1180 4112 supra
