2842 4898
545 307 632 380 ·11

50 495 156 577 nibus,
180 492 373 579 Caly'psone
395 500 426 556 et
447 490 605 556 Nausicaa
620 489 1065 578 Phaeacibusqueimminent.
1097 495 1171 561 Jam

50 631 129 673 vero
155 630 230 671 cnm
253 607 384 668 maxime
404 606 524 668 animus
540 614 649 668 noster
663 608 701 668 iis
716 605 814 668 rebus
831 618 1063 688 permoveatur,
1087 629 1170 691 quae

51 720 231 785 venustatis
254 716 387 800 aliquam
412 725 442 779 et
466 713 635 779 divinitatis
659 718 796 800 speciem
818 739 896 802 prae
917 719 1068 782 scierant
1084 741 1170 782 cum·

56 851 121 914 que
150 831 279 891 maxima
311 825 405 890 nobis
437 829 539 891 otiis
566 830 748 891 resistamus
778 850 861 912 opus
889 833 929 893 sit
951 832 988 892 vi
1013 833 1170 915 animique

57 942 248 1006 constantia:
276 939 413 1017 Ulixem,
441 937 590 1023 periculis
612 941 644 1001 vi
667 960 738 1002 euin
761 939 1017 1026 impugnantibus
1039 952 1170 1026 snpera-

56 1055 113 1130 tis,
144 1061 312 1136 antequam
335 1049 570 1114 sollicitationes
599 1048 668 1114 illas
699 1055 856 1137 captiosas
879 1063 976 1135 atque
1002 1050 1169 1116 illecebras

57 1161 119 1227 sub
143 1167 228 1226 exitu
250 1183 393 1227 errorum
417 1160 588 1224 collocatas
612 1160 746 1240 subiret,
770 1161 950 1226 ad‘inlero's
974 1162 1169 1226 descendam

55 1285 117 1338 tem
139 1285 236 1358 poeta
264 1274 355 1351 lacit,
383 1282 419 1337 ut
446 1271 488 1363 ab
511 1275 596 1336 omni
623 1272 718 1337 heros
745 1273 924 1338 infirmitate
948 1272 1109 1352 liberetur,
1134 1283 1168 1338 at

55 1385 117 1449 boc
139 1407 241 1470 opere
263 1383 471 1465 ex.Herculis
494 1386 650 1447 sententia
665 1384 672 1415 ¹
686 1378 718 1466 8)
740 1387 878 1446 maximo·
896 1383 1044 1448 absoluto
1060 1396 1171 1449 contra

58 1500 163 1560 omnia
187 1517 269 1580 quae
292 1505 464 1580 sequantur
486 1494 627 1580 pericula
648 1493 846 1584 firmissimus
861 1493 983 1572 evadat,
1005 1516 1086 1558 neve
1102 1517 1171 1558 om,

57 1627 130 1671 nem
159 1610 193 1670 in
217 1610 362 1691 patriam,
391 1605 550 1692 adquam
578 1604 695 1685 lfrustra
723 1615 785 1670 tam
809 1604 865 1670 diu
887 1607 1048 1690 appellere
1072 1627 1169 1670 cona-

58 1728 110 1782 tus
133 1722 181 1797 sit,
204 1717 359 1783 redeundi
382 1741 470 1803 spem
494 1715 696 1804 abjiciat¹⁹).
955 1724 958 1729 ’

76 1876 79 1881 «
148 1831 252 1895 Totus
274 1834 355 1894 enim
372 1830 452 1895 Orci
473 1829 598 1908 habitus
623 1851 694 1893 cum
716 1831 812 1893 tristis
828 1826 996 1911 videretur,
1009 1840 1051 1893 ‚et
1069 1851 1087 1894 a
1103 1850 1169 1914 quo

57 1940 221 2025 ingeretur
243 1941 450 2027 dignissimus,
474 1963 609 2026 cumque
632 1943 664 2004 in
686 1942 948 2026 banc'regionem
966 1940 1094 2004 'Ulixem
1115 1963 1171 2025 ve7

57 2054 128 2116 nire
156 2074 287 2117 necesse
314 2063 413 2132 esset,
439 2056 498 2116 nisi
527 2055 665 2117 omnium
688 2056 801 2115 virium
831 2055 1043 2115 contentione·
1062 2061 1172 2115 contra

62 2183 100 2225 ea
122 2164 266 2247 pericula
289 2163 490 2228 dimicaturus
513 2174 609 2243 esset,
637 2185 719 2248 quae
741 2163 804 2228 buc
827 2184 898 2227 eum
923 2163 1006 2226 ferre
1028 2161 1172 2227 intende-

58 2284 143 2349 rent;
172 2275 264 2339 facile
288 2287 336 2340 est
357 2275 519 2340 intellectu
547 2277 629 2340 banc
651 2285 766 2340 certam
788 2277 979 2359 minimeque
1000 2273 1173 2360 jucundam

56 2406 152 2469 apem·
169 2387 270 2451 Ulixis
292 2391 376 2452 vires
400 2390 559 2466 animique
582 2389 786 2449 constantiam
805 2388 1008 2452 vehementer
1029 2385 1172 2449 firmasse

57 2518 97 2560 ac
118 2496 317 2573 roborasse.¹
350 2519 353 2522 ’
619 2501 621 2504 ⁴
948 2550 951 2557 .

150 2605 240 2668 Idem
260 2603 348 2688 quod
363 2604 469 2668 Orcus
484 2603 627 2670 efficiunt
640 2607 782 2690 feminae,
805 2634 888 2697 quae
902 2609 1054 2690 infirmae,
1077 2621 1173 2694 atque

57 2716 100 2782 ad
121 2716 242 2779 inferos
271 2716 432 2802 proiectae
454 2717 539 2781 Ulixi
567 2717 732 2799 suadeant,
763 2732 798 2785 ut
825 2744 950 2806 semper
977 2723 1067 2784 fortis
1090 2742 1171 2784 neve

60 2835 202 2911 unquam
223 2831 346 2891 virtutis
374 2838 404 2891 et
433 2830 593 2913 pugnandi
620 2833 784 2896 immemor
808 2837 857 2895 sit.
888 2832 1017 2912 *Neque
1040 2833 1173 2892 veroin

60 2938 129 3002 sola
151 2938 335 3003 fortitudine
358 2939 490 3011 salutem
512 2943 647 3026 positam
671 2965 750 3020 esse,
773 2942 922 3020 Achilles,
949 2943 1173 3027 Agamemnon,

58 3052 155 3136 Ajax,
185 3048 238 3113 alii
260 3049 444 3130 ostendunt,
475 3055 531 3135 qui
561 3057 704 3135 quamvis
733 3053 832 3117 fortes
863 3064 967 3116 essent
990 3065 1022 3115 et
1044 3054 1173 3130 maxime

61 3163 201 3224 omnium
224 3165 368 3246 corporis
391 3161 513 3237 viribus
537 3159 736 3232 excellerent,
757 3168 862 3220 tamen
877 3161 971 3219 morti
988 3156 1175 3220 succumbe·

60 3268 147 3350 bant,
170 3275 247 3356 quia
264 3269 433 3356 prudentia
456 3269 615 3350 animique
636 3267 775 3330 versutia
799 3267 956 3332 carebant
1016 3272 1019 3277 '

147 3381 214 3447 Sed
237 3406 308 3448 cum
331 3383 410 3445 baec
432 3383 472 3444 sit
494 3388 606 3443 natura
629 3378 812 3444 feminarum
827 3383 1035 3468 virorumque
1057 3384 1083 3445 si
1107 3403 1173 3447 uno

59 3514 116 3558 eos
144 3505 278 3580 aspectu
304 3490 569 3578 contemplamur,
596 3502 708 3573 restat,
736 3493 874 3580 utquid
896 3493 957 3559 sibi
977 3493 1055 3587 uelit
1077 3500 1175 3557 unus,

114 3712 484 3792 Tvfflumm

138 3809 181 3884 ¹⁹)
219 3809 344 3869 Omnino
367 3810 452 3883 igitur
470 3805 618 3863 Ulixesin
637 3803 743 3884 Orcum
762 3801 918 3867 descendit,
943 3811 978 3869 nt¹
998 3798 1030 3862 id
1046 3799 1175 3882 q¹l⁰¹l=⁸sl

58 3901 180 3957 reditum
207 3920 277 3976 opus
302 3909 370 3952 osset
394 3898 451 3950 sive
474 3894 618 3952 consilium
642 3896 698 3950 sive
722 3902 797 3968 sp'ern
817 3894 873 3947 sive
892 3902 996 3946 metum
1016 3891 1072 3945 sive
1090 3893 1176 3951 animi
1239 3961 1242 3968 Α

57 3991 223 4047 firmitatem
249 3990 312 4044 inde
336 3987 464 4043 auferret.
504 3985 587 4060 Quod
610 3986 632 4040 si
656 3986 717 4058 quis
743 3982 848 4057 poetice
866 3981 1019 4056 exprimere
1038 3982 1111 4051 volt,
1137 3985 1176 4052 ita¹

57 4082 139 4140 debet
160 4062 327 4147 describere,
347 4090 378 4133 ut
396 4077 500 4132 lactum
519 4086 573 4130 ectr
599 4073 709 4130 Ulixem
727 4074 759 4131 in
776 4071 873 4135 orcum
890 4074 1072 4146 descendisse,
1092 4086 1125 4132 ut
1141 4074 1177 4131 de

56 4177 149 4233 nutu
169 4173 292 4248 abqoem
311 4170 352 4243 (b.
373 4168 393 4227 1.
414 4166 561 4240 Tiresiam)
576 4163 743 4235 consuleret.
799 4225 804 4237 ⁸
