2842 4898
757 309 841 405 '56

258 540 326 606 quo
348 516 442 604 plura
464 528 646 605 argumenta
668 515 709 582 ab
738 520 814 604 ipsis
837 515 1022 583 auctoribus
1045 517 1181 602 antiquis
1203 511 1315 580 tradita
1338 523 1370 578 et

256 629 389 697 Iliadem
412 641 444 695 et
459 629 642 717 Odysseam
665 650 702 694 ex
724 629 853 716 singulis
877 628 1069 714 quibusdam
1090 627 1206 714 populi
1227 627 1369 692 carmini-

258 740 321 813 bus
352 742 520 806 conflatam
549 763 619 807 esse
648 740 873 806 demonstrent
917 741 1033 826 Neque
1060 760 1149 819 vero,
1172 747 1208 804 nt
1230 747 1369 801 nostrum

258 852 376 918 librum
400 852 464 917 tale
492 874 618 918 carmen
637 852 742 918 >fuisse
765 851 923 939 singulare
944 851 1094 938 probem,
1116 850 1170 916 ille
1192 857 1373 935 argumenta

259 966 294 1030 in
315 965 463 1029 auxilium
485 966 628 1044 vocabo,
652 967 794 1050 quamvis
817 966 851 1027 in
872 963 996 1029 Aeliani
1017 961 1133 1042 verbis,
1156 964 1214 1047 qui
1236 957 1373 1045 singulas

261 1074 413 1158 quasdam
440 1076 683 1138 Homericorum
717 1078 888 1139 carminum
922 1084 1028 1160 partes
1052 1094 1226 1158 earumque
1254 1074 1289 1135 in
1316 1090 1373 1134 nu-

259 1202 347 1249 mero
361 1177 489 1249 Νεκυίαν
512 1185 679 1264 separatim
694 1182 866 1266 aliqnando
882 1183 1062 1247 decantatas
1078 1206 1149 1248 esse
1163 1182 1276 1262 tradat,
1291 1178 1376 1246 baud

260 1314 393 1381 parvum
415 1295 588 1357 sententiae
602 1314 692 1356 meae
705 1290 882 1357 subsidium
895 1295 1033 1379 positum
1049 1314 1120 1358 esse
1131 1292 1280 1356 videatur
1291 1291 1301 1325 ¹
1313 1291 1326 1326 ³
1337 1290 1375 1376 ⁶).

261 1404 344 1469 Nam
372 1407 549 1468 accuratius
577 1402 715 1489 singulas
745 1402 1062 1489 Odyssene'partes,
1094 1406 1121 1467 si
1149 1424 1250 1468 unum
1279 1405 1376 1468 unius

262 1524 379 1602 poetae
408 1537 534 1579 carmen
561 1516 687 1594 luisset,
716 1515 888 1579 cohaerere
909 1535 1040 1578 necesse
1063 1521 1146 1592 erat,
1172 1533 1270 1597 qnam
1295 1532 1373 1596 quae

264 1629 312 1691 sie
342 1624 555 1706 dirimeretur,
586 1636 622 1692 ut
650 1625 773 1713 singula
802 1629 872 1714 ejus
908 1626 1008 1691 frusta
1035 1645 1094 1710 per
1120 1645 1156 1688 se
1183 1621 1315 1709 intelligi
1341 1632 1372 1686 et

263 1738 390 1825 explere
418 1738 598 1807 auditorum
633 1741 897 1824 exspectationem
925 1745 1067 1824 possent
1116 1733 1182 1800 Sed
1208 1734 1257 1799 his
1286 1754 1369 1820 argu-
1413 1751 1415 1763 ·

263 1853 376 1913 mentis
398 1852 624 1933 praetermissis
648 1871 685 1913 ea
709 1848 953 1929 consideremus,
976 1869 1059 1934 quae
1082 1869 1121 1912 ex
1138 1850 1215 1932 ipso
1236 1847 1369 1910 Homero

198 1993 204 2010 ι
263 1963 362 2048 petita
383 1961 484 2024 multo
506 1959 579 2047 plns
602 1961 767 2025 conserant
789 1959 830 2025 ad
852 1962 1037 2024 sententiam
1051 1980 1152 2023 meam
1172 1954 1367 2044 probandam
1408 2018 1411 2027 ,

354 2073 404 2138 Ae
424 2075 558 2159 primum
583 2072 717 2158 quidem⁴
733 2070 774 2136 de
797 2071 931 2137 consilio
955 2081 986 2136 et
1004 2073 1127 2135 ratione
1147 2072 1268 2134 itineris
1283 2089 1365 2154 qnae-

265 2203 386 2262 ramns,
415 2183 504 2266 quod
533 2182 574 2248 ad
601 2185 719 2249 inleros
748 2183 857 2248 Ulitms
886 2182 1087 2268 suscipiebat
1132 2180 1238 2267 Cujus
1261 2181 1364 2246 itineris

266 2314 394 2359 causam
415 2295 449 2359 in
465 2295 587 2358 Tiresia
608 2292 834 2379 interrogando
857 2297 992 2379 positam
1014 2293 1113 2358 fuisse
1134 2291 1217 2357 liber
1240 2291 1362 2358 decimus

265 2414 298 2470 et
320 2402 506 2470 undecimus
527 2403 665 2473 tradunt.
709 2406 793 2471 Nam
814 2408 914 2486 matri,
937 2426 1029 2491 quae,
1053 2427 1110 2469 cur
1131 2407 1165 2468 in
1181 2403 1305 2475 Orcum
1320 2423 1364 2470 ve·

265 2517 372 2594 nisset,
395 2538 433 2579 ex
453 2515 524 2580 filio
547 2518 762 2601 quaesivisset,
784 2517 835 2581 bic
856 2514 1029 2603 respondet
1051 2539 1080 2580 v.
1107 2513 1170 2582 164
1193 2537 1248 2604 sq:

431 2678 515 2761 μῆτερ
536 2668 597 2748 ἐμή,
618 2667 707 2761 «χρειώ
729 2701 763 2747 με
783 2672 953 2757 κατήγαγεν
974 2679 1013 2740 εἷς
1031 2670 1129 2738 Ἀΐδαο

433 2771 531 2861 ψυχῇ
551 2774 727 2868 χρηνᾶμενυν
748 2775 878 2856 (deliciae
900 2775 1053 2869 Τειρεσίαο.

268 2936 385 3021 Neque
412 2934 539 3001 dilierre
561 2935 709 3003 videntur
732 2936 846 3005 Circae
868 2938 981 3018 verba,
1009 2937 1127 3028 quibus
1149 2939 1273 3024 Ulixem
1299 2936 1365 3004 allo·

270 3049 377 3132 quitur
398 3048 437 3128 X,
461 3045 526 3112 488
549 3066 638 3132 sqqz·

435 3200 567 3288 Διογενὲς
587 3203 743 3297 Λαερτιάδη
764 3205 947 3295 πολυμήχαν’
966 3194 1122 3282 'oded-oei]

435 3307 530 3386 oquin
552 3318 599 3374 νῦν
620 3310 750 3380 ἀέκοντες
769 3317 827 3400 ἐμῷ
846 3309 883 3377 a'vi
903 3313 1012 3388 uiuimus
1034 3310 1108 3396 οἴκῳ,

271 3467 476 3483 —n—-u

348 3553 410 3626 ¹³⁶)
447 3553 556 3611 Aeliae.
567 3556 605 3611 V.
622 3555 658 3613 H.
670 3556 751 3624 Xlll,
768 3552 815 3612 ld:
833 3557 894 3612 ’Ότι
911 3561 943 3613 rai
954 3557 1062 3631 Ὁμήρου
1081 3561 1124 3624 ἔπη
1142 3557 1251 3635 episcpo
1261 3560 1370 3639 opponite

270 3648 321 3734 ᾖδον
332 3649 354 3701 oi
369 3649 478 3700 πκλκννί.
517 3645 573 3702 Oios
589 3648 666 3716 itaque
685 3653 733 3712 Τὴν
750 3649 788 3703 ἐπὶ
806 3651 870 3702 revel
887 3647 974 3721 μάχην,
994 3651 1035 3703 uel
1047 3653 1166 3709 Δνλυνίνιν
1184 3649 1241 3718 τιννί,
1261 3653 1301 3706 καὶ
1314 3651 1371 3720 Ἀρι·

271 3757 348 3794 uerter
361 3739 541 3810 Ἀγαμέμνονος,
560 3740 601 3792 καὶ
619 3745 685 3796 Nais
703 3738 840 3806 κατάλογον,
859 3742 900 3793 nol
918 3739 1089 3812 Πντρίκλεννιν,
1109 3744 1152 3796 καὶ
1165 3739 1249 3814 Λῦτρνι
1267 3741 1308 3796 eol
1320 3741 1370 3793 'Ed

271 3826 409 3902 Πυτρὸκλῳ
428 3829 494 3885 ttae
511 3831 553 3884 nel
569 3832 670 3902 Ὀρκίων
688 3828 799 3903 ἀφάνισιν.
833 3835 919 3886 Ταῦτα
936 3831 993 3903 ὑπὲρ
1012 3839 1051 3896 τῆς
1067 3833 1178 3893 Ἰλιάδος.
1207 3834 1283 3906 “tntp
1300 3831 1369 3890 titis

272 3923 363 3991 ἑτέροις·
394 3923 437 3977 Tot
460 3924 482 3975 ir
499 3918 575 3994 Πύλῳ
594 3926 636 3976 καλ
653 3924 685 3976 rei
704 3926 724 3975 ὲν
736 3925 895 3993 Λυκεδυίμννν
913 3930 954 3976 καὶ
972 3920 1111 3992 Καλυψοῦς
1128 3921 1205 3997 simper
1222 3924 1265 3978 uel
1282 3923 1315 3978 τνὶ
1328 3922 1370 3990 'tid

271 4009 312 4070 rit
327 4013 434 4078 σχελίσιν,
451 4012 561 4067 Ἀλκίνου
584 4012 728 4080 deotimus,
750 4015 899 4066 Κυκλωπίαν
921 4017 962 4068 nol
984 4017 1087 4068 Νεκυίαν
1108 4017 1150 4067 nul
1172 4016 1206 4070 rai
1228 4021 1268 4080 τῆς
1284 4015 1368 4084 Κίρκην,

271 4094 375 4167 Νίκτρνι,
393 4095 528 4170 Μνηστῆρων
546 4100 616 4171 φόνον,
635 4103 677 4158 Ti
696 4109 717 4156 ὲν
735 4103 807 4176 ἀγρῷ,
818 4106 859 4156 Te
880 4109 901 4157 ὲν
912 4104 1076 4173 Λνιέρτνυ.”-
1089 4098 1367 4182 cl.Dugas·M0ntb⁰b

273 4187 386 4248 histoire
403 4188 451 4248 des
471 4189 574 4264 poesin
593 4191 783 4269 llomeriques.
824 4196 909 4249 Paris.
929 4201 1006 4249 1831.
1027 4212 1056 4266 p.
1075 4198 1107 4248 13
1121 4213 1182 4270 sqq.
