2842 4898
690 322 735 394 dl

150 500 576 598 exspectationem'primum
598 504 694 571 nobis
718 508 916 588 concitasset,
940 505 1055 577 deinde
1077 498 1163 572 rero‘
1177 505 1271 572 de'ce.

150 627 265 710 pisset?
450 708 453 715 ,

240 734 366 795 Locum
387 729 428 794 de
451 750 518 813 quo
543 731 762 816 quaestionem
785 732 975 794 instituimus
998 752 1178 815 germanum
1201 753 1271 795 esse

151 843 185 906 id
210 863 342 927 quoque
365 851 578 926 argumentum
601 834 810 918 demonstrat,
839 840 928 925 quod
952 845 984 904 in
1007 843 1145 907 Hercule
1169 842 1270 905 collo-

153 964 273 1038 quente
305 957 442 1038 positum
474 960 530 1015 est.
585 950 668 1013 Nam
699 950 845 1014 Herculis
879 951 1123 1037 descriptionem
1157 957 1270 1015 mirum

154 1075 306 1149 quantum
330 1063 458 1127 dillerre
480 1060 520 1126 ab
545 1083 591 1139 ea,
615 1082 678 1144 qua
701 1062 817 1139 Minos,
842 1063 955 1140 Orion,
967 1065 1092 1148 Tityus,
1108 1062 1269 1140 Tantalus,

152 1176 312 1261 Sisyphus
336 1178 569 1250 contineantur,
591 1192 701 1235 omnes
724 1172 904 1256 intelligent,
928 1177 982 1256 qui
1006 1173 1115 1257 paullo
1139 1179 1269 1236 accura‘*

151 1289 213 1350 tius
237 1297 402 1370 utramque
417 1284 516 1347 velint
538 1286 749 1346 narrationem
767 1282 977 1346 considerare.
1014 1284 1168 1355 Hercules
1187 1287 1273 1346 enim.

151 1417 217 1460 non
242 1401 440 1481 conspicitur
462 1393 679 1458 tantummodo
704 1392 743 1456 ab
761 1393 863 1471 Ulixe,
887 1392 943 1456 sed
968 1397 1058 1455 etiam
1082 1393 1121 1455 ad
1144 1380 1268 1469 iussam,

153 1528 237 1591 quae
256 1511 401 1570 victimae
425 1507 597 1589 excepisset
620 1507 811 1589 sanguinem,
835 1503 956 1566 accedit
979 1514 1074 1586 atque
1098 1507 1269 1566 animarum

153 1640 223 1681 cum
257 1617 351 1681 Ulixe
379 1615 591 1700 colloquium,
626 1614 715 1699 quod
738 1616 870 1693 Minois,
903 1615 1035 1678 Orionis
1063 1617 1269 1696 virorumque

151 1731 319 1813 impiorum
344 1728 557 1812 descriptione
580 1737 646 1790 erat
668 1729 892 1810 interruptum,
915 1747 1024 1789 rursus
1048 1728 1164 1808 incipit.
1205 1725 1269 1788 Ne-

153 1861 216 1923 que
245 1850 349 1904 tamen
377 1838 549 1924 quidquam
573 1837 734 1927 obstabat,
764 1839 932 1920 quominus
957 1858 1059 1920 aeque
1082 1834 1122 1899 ad
1144 1838 1280 1921 sangui-¹

150 1971 223 2015 nem
245 1953 353 2015 Minos
377 1962 408 2014 et
430 1951 535 2014 Orion
558 1952 857 2035 appropinquarent.

230 2059 311 2147 ⁸Sed
339 2059 379 2122 ad
406 2061 547 2124 ultimum
569 2064 663 2123 venio
691 2069 921 2144 argumentum,
952 2079 1018 2141 quo
1048 2056 1161 2120 ductus
1185 2056 1269 2119 illam

153 2170 194 2235 de
205 2170 347 2248 Hercule
370 2175 578 2248 narrationem
602 2173 698 2234 totius
716 2155 788 2254 libri
805 2172 928 2233 auctori
945 2167 1183 2231 adscribendam
1199 2174 1270 2251 esse

152 2285 273 2347 censui.
319 2281 471 2366 Quamvis
501 2285 582 2347 enim
605 2281 698 2349 facile
720 2281 911 2367 intelligatur
933 2282 1049 2358 Minos,
1074 2279 1188 2356 Orion,
1212 2269 1268 2352 Ti}

151 2373 242 2480 tyus,
267 2394 435 2470 Tantalus,
458 2395 617 2476 Sisyphus
642 2415 698 2454 cur
722 2396 878 2475 suppositi
901 2395 970 2468 sint,
993 2392 1150 2474 hujusque
1175 2392 1269 2451 inter-

150 2505 329 2589 polationis
353 2522 447 2563 causa
469 2500 642 2584 peridonea
665 2504 765 2584 possit
785 2507 964 2589 excogitari:
988 2506 1140 2565 rationem
1157 2511 1269 2578 tamen,

154 2635 221 2696 qua
245 2621 422 2674 commotus
444 2611 556 2695 aliquis
579 2612 641 2675 huc
658 2611 804 2676 Herculis
828 2614 1072 2699 descriptionem
1094 2615 1269 2690 inseruerit,

150 2721 296 2789 nondum
332 2724 422 2806 potui
457 2720 615 2807 indagare.
660 2724 760 2787 Immo
791 2729 846 2808 qui
879 2726 963 2788 hunc
992 2728 1131 2787 Homero
1163 2724 1269 2787 locum

151 2854 337 2919 supponere
363 2835 559 2909 instituisset,
589 2836 618 2896 ei
644 2835 816 2918 permultas
845 2857 896 2898 res
927 2834 1145 2897 adversaturas
1172 2834 1269 2897 luisse

151 2942 440 3030 comprehenditur.
490 2943 577 3007 Nihil
610 2947 692 3008 enim
722 2945 808 3009 aliud
839 2956 976 3009 statuere
1008 2947 1139 3029 poteris,
1172 2966 1268 3028 ¹quam

150 3057 235 3121 illius
258 3056 323 3119 loci
347 3066 505 3133 auctorem
528 3056 699 3135 Herculem
722 3055 816 3120 deum
840 3068 894 3121 aut
918 3061 1105 3143 cognovisse
1128 3066 1180 3118 aut
1204 3076 1269 3119 non

154 3169 351 3252 cognovisse.
395 3167 486 3230 Prior
510 3177 614 3229 autem
638 3171 790 3229 sententia
806 3168 880 3230 ferri
896 3190 962 3231 uon
977 3177 1090 3250 potest,
1116 3187 1185 3228 cum
1202 3187 1269 3229 non

152 3278 320 3362 intelligas,
349 3298 432 3360 quae
459 3275 585 3340 tandem
617 3298 713 3339 causa
735 3275 960 3342 diasceuastam
986 3281 1202 3355 commoverit,
1235 3281 1269 3341 ul

152 3389 337 3467 Herculem,
371 3410 603 3471 quemomnes
631 3387 744 3451 divinis
776 3402 1048 3474 prosequerentur
1082 3387 1269 3470 bonoribus,

150 3502 184 3563 in
207 3499 299 3565 Orco
322 3510 497 3562 versantem
527 3498 739 3563 describeret?
781 3499 847 3564 Sed
871 3522 909 3563 ea
931 3512 979 3565 est
1000 3501 1269 3578 fabularumom-

150 3613 238 3674 nium
261 3621 388 3686 natura,
414 3622 537 3688 utres,
562 3631 644 3694 quae
668 3612 769 3694 primo
792 3612 855 3673 sint
878 3621 1037 3673 attenuate
1061 3633 1097 3674 ac
1120 3609 1269 3691 simplici-

150 3731 200 3785 ter
228 3732 405 3800 enarratae,
434 3729 507 3804 post
536 3718 667 3801 ahquod
696 3726 819 3800 tempus
848 3716 998 3797 implicite
1026 3737 1063 3777 ac
1085 3715 1269 3778 mirabiliter

151 3829 369 3919 depingantur.
413 3831 524 3912 Itaque
547 3827 698 3905 homines,
722 3829 778 3910 qui
800 3827 956 3911 principio
980 3824 1067 3888 nulla
1083 3824 1192 3886 aliare
1208 3823 1268 3888 dil-

149 3943 269 4008 lerrent
294 3966 313 4006 a
336 3941 457 4018 ceteris,
480 3940 540 4001 nisi
562 3938 683 4020 majore
706 3939 773 4000 sive
796 3925 889 4000 animi
911 3937 978 3999 sive
1002 3937 1145 4021 corporis
1167 3937 1200 3998 vi
1223 3946 1268 4002 at-

150 4076 214 4143 que
238 4054 362 4135 divina,
391 4072 456 4139 qua
475 4050 542 4116 nati
564 4054 683 4128 essent,
705 4049 817 4133 stirpe,
838 4055 952 4136 postea
972 4048 1055 4116 inter
1075 4051 1165 4139 ipsos
1188 4047 1268 4118 deos
