2842 4898
686 337 731 413 71

149 535 268 593 etcum
290 523 486 609 apertissima
508 541 585 586 suae
609 523 736 607 originis
759 521 874 587 indicia
896 545 973 609 prae
996 546 1031 589 se
1053 526 1137 591 lerre
1151 526 1265 598 Naevia
1378 517 1381 527 ¹

147 636 321 703 videretur:
348 633 469 719 aliquid
492 633 601 699 saltem
625 633 666 697 ad
687 633 772 698 illam
796 634 837 699 de
855 637 988 700 Homeri
1010 641 1110 722 patria
1133 653 1263 707 contro-

148 751 283 814 versiam
306 745 509 812 dirimendam
531 767 582 810 me
606 747 751 811 conferre
774 745 957 826 arbitrabar,
980 751 1015 829 si,
1040 771 1123 835 qnae
1145 752 1186 817 de
1204 776 1263 819 un-

150 860 264 924 decimi
292 859 462 945 Odysseae
494 856 569 923 libri
602 861 703 943 patria
736 861 895 940 sentirem,
928 862 1003 926 viris
1033 861 1135 929 doctis
1165 886 1262 951 expo·

147 993 263 1036 nerem.

237 1083 310 1146 Jam
340 1103 417 1148 vero
449 1103 519 1146 cnm
551 1101 619 1145 non
649 1080 691 1146 ab
723 1102 789 1146 uno
822 1093 918 1167 poeta
949 1093 1048 1149 totam
1080 1084 1262 1172 Odysseam

150 1197 359 1279 compositam
388 1215 469 1273 esse,
505 1192 562 1258 sed
590 1191 736 1277 pluribus
767 1192 956 1257 carminibus
986 1206 1131 1260 constare
1159 1177 1263 1262 existi-

149 1326 239 1383 mem,
262 1307 340 1369 haec
361 1327 431 1370 mea
453 1305 631 1389 disquisitio
660 1303 737 1367 nihil
759 1302 845 1369 aliud
867 1317 1085 1390 persequetur,
1110 1331 1205 1392 quam
1228 1318 1265 1374 ut

150 1417 244 1503 hujus
267 1420 372 1495 unius,
395 1416 435 1479 de
458 1438 523 1500 quo
548 1415 753 1502 disputamus,
775 1414 849 1479 libri
870 1420 1002 1501 patriam
1025 1417 1159 1503 indaget
1193 1422 1264 1484 Ho-

150 1531 229 1592 meri
251 1529 347 1612 igitur
369 1530 499 1613 patriam
521 1529 582 1591 nisi
602 1526 730 1599 Neruius
751 1527 870 1592 nullam
893 1527 983 1592 aliam
1006 1529 1156 1616 intelligo.

101 1624 105 1739 l
237 1640 431 1703 Lachmanni
452 1649 555 1704 autem
579 1651 610 1705 et
632 1642 805 1705 Hermanni
826 1639 867 1704 de
882 1641 1024 1704 Homero
1050 1645 1105 1726 qui
1127 1663 1264 1726 sequen-

101 1742 103 1749 ’
150 1761 201 1815 tur
227 1753 426 1832 sententiam,
456 1754 493 1831 ii,
526 1773 608 1836 quae
638 1752 678 1817 de
705 1752 789 1818 illius
818 1766 933 1840 poetae
961 1759 1063 1840 patria
1091 1757 1263 1840 scriptores

150 1872 271 1927 veteres
292 1861 425 1943 tradant,
447 1873 614 1948 tantopere
636 1864 697 1930 sibi
718 1886 824 1950 neque
846 1867 1027 1952 torquenda
1044 1887 1150 1953 neque
1165 1865 1265 1950 negli-

151 1972 251 2059 genda
281 1996 350 2040 esse
372 1976 560 2061 intelligent,
593 1986 790 2059 quantopere
812 1982 866 2058 iis,
890 1983 946 2061 qui
967 2002 1066 2044 unum
1089 1980 1264 2043 Homerum

150 2085 367 2170 profiteantur.
411 2089 537 2171 Fugere
560 2087 642 2146 enim
666 2105 847 2167 quemquan
869 2091 980 2171 nequit
1009 2091 1190 2174 conjunctio
1215 2090 1263 2149 in-
1378 2068 1380 2072 Ι

150 2207 198 2262 ter
218 2209 342 2264 notram
365 2197 406 2263 de
428 2199 573 2260 Homero
596 2200 781 2262 sententiam
805 2218 924 2281 easque
946 2201 1143 2289 narrationes
1166 2201 1263 2263 inter-

151 2308 275 2391 cedam,
298 2333 380 2396 quae
403 2320 453 2375 tot
474 2308 572 2374 urbes
588 2308 875 2374 Homerum-suum
890 2308 1086 2373 vindicantes
1103 2330 1263 2394 pugnasse

148 2423 228 2488 inter
255 2444 291 2485 se
320 2433 415 2503 atque
438 2421 638 2484 contendisse
659 2421 809 2484 referunt.
854 2419 962 2483 Facile
985 2422 1067 2482 enim
1090 2421 1265 2502 percipitur

101 2596 104 2631 r
148 2532 221 2597 illas
243 2527 343 2593 urbes
370 2529 543 2592 Homerum
571 2552 662 2594 suurn
689 2553 759 2595 esse
782 2529 1003 2610 confirmasse,
1032 2529 1122 2616 quod
1144 2527 1265 2593 Home-

101 2640 103 2689 !
148 2646 218 2706 rica
248 2641 384 2703 carmina
413 2639 498 2724 apud
527 2661 563 2705 se
596 2653 650 2706 aut
678 2645 888 2707 recitarentur
917 2641 1049 2728 pridem*
1072 2651 1127 2705 aut
1157 2641 1265 2725 aliqua

150 2751 262 2817 saltem
285 2760 433 2835 exparte
455 2762 526 2815 orta
549 2763 663 2816 essent.
708 2753 809 2836 Quod
833 2777 905 2818 cum
927 2757 970 2817 ita
992 2757 1047 2831 sit,
1070 2773 1137 2816 non
1159 2753 1265 2816 solum

153 2863 394 2948 discrepantias,
424 2883 505 2948 quae
532 2866 566 2926 in
593 2862 692 2927 Iliade
725 2873 757 2928 et
783 2864 935 2952 Odyssea
961 2868 1081 2942 insunt,
1110 2866 1265 2926 sententia

153 2987 259 3041 nostra
281 2974 373 3053 tollit,
396 2975 453 3039 sed
476 2978 568 3040 etiam
592 2999 664 3041 cum
684 2980 732 3057 iis,
756 2999 838 3064 quae
861 2977 902 3042 de
924 2986 1090 3064 poetarum
1114 2976 1267 3060 principis

155 3090 252 3171 patria
273 3085 448 3166 traduntur,
472 3090 590 3171 optime
613 3093 767 3175 congruit.

239 3196 430 3262 Versabitur
453 3209 557 3262 autem
579 3200 658 3262 haec
680 3203 826 3283 quaestio
846 3203 880 3263 in
895 3220 945 3279 eo,
967 3209 1012 3279 ut,
1035 3198 1076 3262 de
1091 3199 1192 3282 patria
1207 3219 1265 3260 sua

101 3355 104 3403 t
158 3330 235 3393 quoe
255 3308 370 3378 Naevia
396 3312 465 3395 ipsa
493 3307 625 3395 prodat,
652 3319 859 3394 exponantur.
903 3311 1019 3397 Neque
1046 3309 1158 3376 melius
1186 3311 1266 3374 haec

101 3410 104 3483 l
158 3417 322 3506 disputatio
345 3424 465 3485 institui
487 3425 619 3507 poterit,
649 3443 744 3507 quarn
767 3424 794 3486 si
815 3425 911 3501 viam,
939 3421 1110 3507 qna-illius
1131 3424 1265 3511 rhapso-

101 3598 103 3605 ,
158 3528 222 3597 diae
243 3536 373 3618 patriam
395 3532 575 3620 indagarim‚
598 3526 783 3600 describam.

160 3841 231 3900 nrt.
245 3867 269 3902 a.
286 3848 325 3902 M.
347 3848 429 3905 1771.
456 3864 484 3920 p.
500 3850 535 3899 32
549 3863 611 3919 sqq.
633 3846 749 3900 Zus'a'tze
766 3861 800 3897 zu
820 3842 889 3897 Rob.
905 3841 999 3895 Wood
1018 3851 1070 3895 cet.
1090 3839 1159 3895 ibid.
1182 3841 1261 3899 1778.

161 3952 184 4006 p.
199 3934 243 3991 [18.
271 3933 331 3993 Jac.
347 3938 468 4012 Bryant,
494 3933 685 4010 Abhandlnng
702 3953 766 3989 rom
792 3936 855 4007 troj.
878 3928 1188 4005 K1·iegeausd.llngl.
1210 3948 1266 3989 von

160 4021 188 4080 G.
202 4028 239 4082 H.
255 4027 384 4084 Ndhden.
413 4025 636 4101 Braunschweig.
655 4026 735 4085 1797.
762 4029 789 4078 8.
817 4019 1042 4098 PayneKnight.
1062 4019 1082 4076 l.
1097 4018 1118 4076 l.
1133 4040 1164 4096 p.
1179 4024 1264 4075 15.-

160 4111 185 4170 B.
200 4117 343 4184 Thierseh‚
363 4117 456 4172 Ueber
474 4116 522 4170 das
536 4114 667 4172 Zeitalter
685 4113 744 4170 und
755 4111 909 4174 Vaterland
928 4111 975 4170 des
988 4111 1095 4170 Homer
1112 4122 1164 4169 cet.
1180 4111 1215 4169 ed
1223 4111 1261 4168 11.

101 4250 107 4277 ;
159 4200 289 4266 Halberst.
307 4212 386 4264 1832.
408 4227 437 4282 p.
453 4206 488 4263 65
502 4225 563 4282 sqq.
