2842 4898
585 331 634 406 55

46 529 198 606 conupta
225 518 353 584 videtur
370 514 455 600 134).
508 517 609 603 Atqui
638 538 710 584 cum
738 518 853 586 eodem
886 523 1167 610 interpolationem

46 636 175 701 nomine
197 653 256 698 eos
277 630 371 696 locos
394 626 565 714 complecti
585 632 745 714 possimus
759 628 844 718 ¹³⁶),
868 637 924 719 qui
939 640 1082 721 quamvis
1097 639 1173 704 aliis-

48 745 180 810 aliarum
210 740 451 829 rhapsodiarum
481 739 627 805 versibus
660 744 764 829 iisque
797 749 952 831 germanis
980 759 1166 836 repugnent,

48 868 156 922 tamen
183 877 289 941 neque
317 852 418 919 deleri
440 875 479 918 ex
501 856 645 920 Homero
667 877 774 940 neque
795 879 856 943 pro
879 862 1088 945 supposititiis
1111 862 1166 926 ha·

49 968 120 1034 beri
142 979 273 1054 queant:
302 966 382 1031 tales
403 964 480 1030 libri
501 969 603 1032 nostri
625 989 738 1033 versus
760 978 796 1032 ut
819 973 995 1036 accuratius
1018 972 1166 1040 conside-

48 1091 158 1146 rentur
181 1077 383 1166 expostulant
405 1087 437 1143 et
451 1074 581 1146 Naevian
604 1100 730 1144 carmen
752 1080 926 1165 aliquando
950 1095 1164 1150 acetcrorum

49 1192 167 1256 lamilia
194 1194 370 1278 sejunctum
397 1189 496 1254 luisse
525 1188 748 1263 demonstrant.
793 1192 876 1256 Nam
902 1194 1163 1280 interpolationes

48 1303 122 1368 illae
144 1306 188 1368 ita
208 1311 410 1388 comparatae
424 1310 505 1382 sunt,
527 1311 573 1382 ut,
596 1322 669 1368 cum
684 1323 789 1388 neque
806 1305 875 1368 sine
890 1309 1079 1371 narrationis
1091 1328 1165 1392 per-

41 1423 165 1498 petuae
188 1412 377 1479 detrimento
400 1414 557 1479 removeri
578 1435 684 1500 neque
706 1416 762 1480 uni
784 1413 952 1500 eidemque
974 1426 1089 1501 poetae
1108 1421 1166 1481 tm'-.

48 1523 107 1589 bui
128 1527 267 1610 possint,
293 1528 326 1589 in
355 1545 424 1589 eam
445 1545 504 1590 uos
526 1528 707 1591 necessario
730 1527 915 1591 sententiam
937 1525 1105 1607 adducant,
1129 1536 1165 1593 ut

50 1635 168 1700 librum
201 1635 400 1700 undecimum
433 1636 513 1703 alius
547 1641 688 1711 auctoris
722 1659 792 1702 esse
822 1659 917 1722 quam
946 1637 1102 1703 decimum
1132 1647 1164 1703 et
1244 1700 1248 1706 ,

52 1747 272 1813 duodecimum
290 1748 486 1815 arbitremur.
521 1748 628 1836 Quam
645 1751 829 1815 sententiam
842 1751 945 1836 capite
961 1759 1075 1836 quarto
1085 1770 1163 1839 pro-

50 1858 127 1924 bare
150 1858 300 1925 conabor.
1167 1877 1169 1880 ’

495 2112 701 2125 *-

508 2309 600 2386 cm.
630 2309 696 2386 IV.
774 2358 776 2361 -

48 2497 229 2558 uncum
254 2487 438 2552 cunnum
455 2487 721 2582 mroununo
744 2488 995 2559 smcmunn
1011 2442 1172 2557 uurssu¹

10 2616 12 2626 ·
416 2598 793 2669 nnuousmarun.

530 2740 560 2782 τίς
573 2738 592 2777 τ’
607 2731 634 2796 οἷς
648 2749 708 2792 σφωε
722 2740 779 2784 &colu
793 2739 843 2798 ipro·
858 2738 941 2795 ξννὲηκε
954 2739 1083 2791 μάχεσθαις

947 2814 970 2852 n.
980 2815 997 2863 1,
1008 2811 1028 2854 s.

534 2897 678 2910 n—

134 3046 205 3111 Etsi
221 3041 306 3107 libro
317 3038 488 3127 Odysseae
499 3037 669 3107 undecimo
681 3039 794 3106 multas
812 3040 1074 3128 interpolationes
1086 3064 1164 3109 con·

50 3161 140 3225 tineri
167 3154 248 3220 tales
277 3163 420 3239 apertum
446 3154 501 3229 sit,
529 3150 641 3236 quales
670 3155 704 3218 in
725 3152 823 3217 lliado
837 3153 1079 3227 ,Lachmannum
1102 3153 1165 3217 dini

10 3258 13 3281 ²
49 3280 81 3336 et
101 3272 317 3334 llermannmn
340 3285 410 3328 esse
432 3271 663 3349 perscrutatos:
685 3273 792 3327 tamen
813 3265 998 3348 quicunque
1019 3266 1053 3329 in
1073 3264 1163 3330 illum
1283 3315 1286 3319 .

47 3378 162 3446 librum
179 3375 453 3465 pervestigandum
476 3373 699 3455 incubuerunt,
721 3372 863 3462 magnam
878 3375 1027 3442 videntur
1043 3376 1162 3444 discre-

52 3495 196 3577 pantiam,
219 3511 302 3574 quae
323 3491 405 3554 inter
426 3483 554 3555 Νεκυίαν
578 3496 763 3573 ceterasque
783 3486 953 3574 Odysseae
975 3489 1163 3575 rhapsodias

53 3601 227 3681 intercedit,
255 3599 308 3665 vel
334 3599 428 3686 plane
456 3601 631 3677 transiisse,
658 3599 711 3662 vel
731 3599 844 3663 leviter
866 3603 1011 3686 attigisse.
1058 3600 1164 3683 Quam

52 3714 286 3801 repugnantiam
315 3730 357 3778 eo
394 3712 523 3796 majoris
555 3710 707 3774 momenti
732 3706 910 3771 hahendam
938 3729 1008 3773 esse
1037 3728 1172 3788 censeo,

75 3966 82 3985 .
129 3922 191 3997 ¹³⁴)
227 3925 369 3980 Praeterea
389 3923 710 3993 v.157-159,315sq.,
729 3921 860 3978 519-522
879 3917 927 3988 (cl.
943 3917 999 3972 Ad.
1010 3916 1162 3974 Hermann.

10 4071 14 4093 ι
55 4011 101 4070 ll.
115 4034 144 4090 p.
161 4016 219 4087 15),
239 4019 305 4081 525,
324 4010 505 4087 interpolatos
522 4028 580 4067 csse
597 4028 710 4071 censeo;
736 4026 806 4082 quos
824 4018 917 4065 tamen
935 4005 988 4065 hoc
1006 4004 1068 4066 loeo
1086 4027 1102 4065 a
1120 4026 1165 4064 mc

10 4098 18 4191 l
57 4106 163 4163 inauri
179 4123 238 4163 oon
256 4105 365 4160 attinet.
386 4133 412 4146 -
432 4102 472 4158 Dc
489 4121 517 4160 v.
532 4100 580 4158 6-8
598 4111 626 4157 et
645 4104 681 4155 22
699 4098 736 4156 cl.
750 4097 822 4156 iulra
842 4096 1007 4176 Cap.IV.a.
1019 4099 1039 4156 f.

12 4200 16 4207 ’
125 4198 187 4273 ¹³⁵)
223 4198 260 4256 cf.
280 4218 363 4275 supra
382 4217 411 4272 p.
427 4203 454 4254 8.
