2842 4898
602 307 652 382 35

62 498 296 588 lnterpolation
309 492 492 580 verdachtig
513 495 554 558 ist
576 493 682 558 famer
705 491 757 558 die
772 492 870 559 Stella
893 490 929 560 ll.
941 496 1025 576 XIX,
1039 495 1183 578 95-1334

62 638 116 680 wo
146 613 199 678 die
228 608 476 692 Unterwerlung
505 604 562 670 des
590 605 746 670 Herakles
775 616 868 671 unter
898 606 949 671 die
972 608 1100 673 Gewalt
1126 606 1183 671 des

64 726 264 792 schlechtern
292 721 423 784 Maunes
453 716 554 781 durch
582 715 633 780 die
655 738 722 780 von
751 715 808 781 der
837 719 1076 805 eilerstichtigen
1098 723 1184 785 Here

62 837 255 920 versptttigte
272 829 397 897 Gebnrt
419 826 589 893 desselben
604 849 641 892 so
656 827 739 892 breit
755 829 872 893 erzahlt
884 830 973 894 wird.
1007 833 1050 895 Es
1065 835 1185 917 spricht

67 947 141 1012 dort
164 947 392 1030 Agamemnon,
415 939 482 1004 und
505 961 539 1003 er
561 939 652 1002 weiss
676 939 726 1003 die
751 941 961 1027 Olympische
983 944 1183 1026 Geschichte,

65 1062 129 1122 wie
160 1060 204 1121 sie
232 1054 294 1119 den
321 1051 447 1116 Helden
474 1050 528 1115 bei
557 1053 678 1114 Homer
710 1061 799 1116 sonst
826 1056 878 1117 nie
906 1055 990 1118 ohne
1016 1058 1183 1122 Weiteres

65 1168 209 1234 bekannt
238 1164 316 1231 sind.
361 1162 466 1229 Achill
493 1162 581 1225 weiss
610 1162 693 1240 Ill,
719 1164 795 1226 336.
825 1164 932 1228 Etwas
965 1163 1064 1229 durch
1095 1171 1182 1232 seine

65 1281 193 1357 Mutter,
218 1276 388 1362 Odysseus
404 1272 470 1339 Od.
483 1273 550 1351 Xll,
567 1273 642 1336 388.
656 1271 756 1336 durch
780 1272 830 1337 die
846 1274 960 1350 Kirke;
984 1277 1123 1364 dagegen
1141 1283 1183 1345 ist

65 1389 212 1456 Glaukos
241 1383 638 1464 1t.xv11,163.dessen,
661 1406 728 1447 was
751 1383 803 1447 die
826 1384 942 1449 Gottcr
969 1389 1095 1473 gethanz
1124 1412 1183 1454 un-

63 1496 196 1587 kundig.
240 1497 377 1560 Freilich
402 1495 518 1560 eratthlt
541 1497 757 1581 Agamemnon
781 1494 853 1559 dort
876 1500 945 1561 eine
968 1489 1093 1564 lrtibere
1117 1500 1183 1567 Ge-

65 1610 220 1688 schichte,
250 1607 328 1672 aber
355 1606 502 1672 dennoch
531 1609 572 1671 ist
600 1606 652 1672 die
675 1608 793 1670 Weise
821 1605 1036 1691 belremdlich‚
1059 1631 1096 1675 so
1119 1615 1182 1677 wie

65 1720 130 1785 Ort
151 1719 219 1785 und
241 1723 311 1784 Zcit
332 1723 437 1805 wenig
457 1716 621 1804 passend.”
645 1754 686 1767 -

156 1830 249 1915 Quae
273 1830 400 1916 quidem
423 1840 605 1916 argumenta
627 1850 694 1892 non
717 1828 866 1894 sulficere
888 1831 963 1894 mihi
978 1830 1126 1900 videntur
1142 1835 1183 1902 ad

64 1941 135 2006 illas
159 1941 200 2004 de
224 1941 368 2005 Cerbero
392 1945 589 2004 narrationes
612 1943 644 2005 in
667 1944 878 2025 suspicionem
902 1941 1118 2012 adducendas!

158 2052 270 2115 Restat
292 2055 400 2136 igitur,
422 2061 458 2114 ut
481 2049 521 2114 de
543 2053 580 2114 iis
603 2055 791 2137 argumentis
815 2051 970 2132 dicamus,
999 2078 1082 2139 quae
1105 2079 1183 2123 con-

66 2173 116 2227 tra
147 2161 319 2226 Herculem
350 2162 386 2224 B.
407 2159 672 2246 Thierschiu'sn)
707 2161 848 2247 protulit.
893 2165 1008 2250 Neque
1036 2191 1114 2233 vero
1146 2193 1184 2250 ea

67 2275 174 2337 omnia
196 2273 328 2335 refutem
351 2294 482 2336 necesse
505 2282 560 2352 est,
585 2295 655 2336 cum
672 2273 805 2358 plurima
823 2285 877 2338 aut
893 2279 984 2341 nimis
1003 2282 1111 2364 exigua
1127 2292 1181 2346 aut

65 2383 243 2448 istiusmodi
271 2404 341 2447 esse
363 2383 544 2459 videantur,
573 2393 610 2443 ut
632 2383 848 2449 Thierschium
876 2390 979 2472 ipsum
1002 2392 1054 2451 vix
1081 2391 1185 2455 credi,-

64 2492 131 2559 bile
156 2496 197 2555 sit
221 2512 334 2552 eornm
354 2490 568 2552 defensionem
584 2510 653 2553 esse
668 2505 893 2579 suscepturum.
924 2499 1071 2564 Attamen
1086 2523 1182 2568 unum

64 2601 204 2688 protulit
228 2611 455 2684 argumentum,
479 2597 566 2684 quod
589 2610 703 2667 tantam
725 2611 864 2673 veritatis
887 2615 1025 2695 speciem
1047 2636 1124 2698 prae
1147 2638 1182 2680 se

63 2714 137 2792 fert,
167 2721 202 2774 ut
225 2708 350 2773 silentio
369 2713 531 2795 praeteriri
554 2725 700 2796 nequeat.
744 2719 882 2784 Versum
911 2727 993 2785 enim
1018 2727 1080 2794 567
1108 2724 1184 2792 dicit

64 2844 134 2888 non
159 2821 289 2886 dilsrcile
312 2843 382 2884 esse
410 2821 572 2885 intellectu
595 2838 741 2892 accurate
764 2852 836 2892 cum
860 2852 955 2894 versu
980 2835 1045 2893 630
1069 2836 1183 2898 cohae-

64 2956 143 2999 rere.
192 2931 298 3017 Quam
321 2936 504 2998 sententiam
517 2933 696 3001 Nitzschius
718 2960 849 3026 quoque
866 2941 1099 3027 amplexusest,
1122 2951 1184 3013 nisi

66 3043 154 3129 quod
177 3066 304 3108 versum
329 3044 391 3109 564
416 3069 488 3109 cum
510 3069 540 3108 v.
558 3048 621 3109 628
647 3047 722 3111 dicit
745 3051 998 3115 connectendum
1022 3076 1100 3131 esse,
1124 3060 1183 3120 hn-

64 3157 183 3241 jusque
206 3158 362 3240 opinionis
386 3179 513 3220 causam
536 3159 627 3218 allert
649 3162 724 3218 satis
747 3158 1025 3238 probabilem⁷³).
1059 3163 1182 3230 Versus

9 3304 11 3315 =
64 3269 150 3331 enim
170 3267 231 3330 565
244 3289 321 3353 sqq,
344 3289 386 3330 ue
406 3266 557 3329 orationis
573 3263 779 3348 intercapedo
797 3267 950 3349 existeret,
969 3267 1010 3332 ad
1027 3275 1182 3342 rationem

8 3416 15 3454 ,ι
63 3402 216 3445 versuum
231 3383 296 3447 628
313 3402 382 3464 sqq.
398 3379 551 3444 formatos
575 3400 645 3443 esse
669 3391 784 3445 censet.
821 3380 917 3468 Quae
933 3389 1087 3452 sententia
1104 3394 1182 3458 meis

62 3493 164 3577 ipsius
193 3488 370 3574 verbis⁷⁴)
397 3489 541 3575 adjuvari
567 3490 692 3556 videtur
725 3503 821 3579 atque
850 3516 890 3560 eo
921 3500 1013 3562 etiam
1042 3515 1183 3586 augetur,

62 3601 156 3687 quod
183 3624 354 3688 possumus
382 3625 433 3667 vr.
452 3603 609 3668 565-626
639 3607 797 3682 omittere,
825 3626 931 3690 neque
959 3620 1063 3674 tamen
1090 3613 1184 3695 quid·

60 3734 160 3798 quam
185 3713 274 3799 quod
298 3712 338 3777 ad
367 3712 467 3777 solam
493 3716 631 3799 pertinet
651 3713 824 3777 verborum
849 3714 1078 3779 cohaerentiam
1101 3719 1184 3785 desi-

60 3822 223 3889 deramus.
269 3823 379 3889 Nihilo
404 3834 510 3889 tamen
531 3828 649 3907 minus,
672 3827 698 3890 si
721 3834 867 3889 accurate
889 3846 956 3888 rem
978 3833 1184 3914 reputaveris,

140 4027 187 4102 ’Ἴ
226 4028 246 4085 l.
263 4039 321 4085 not.
338 4022 383 4084 dd.
399 4025 419 4082 l.

137 4118 186 4191 ⁷³)
225 4115 551 4192 t.1.v01.111.p.ass.

138 4206 186 4279 ⁷⁶)
225 4207 262 4265 cf·
277 4225 361 4282 supra
380 4227 408 4284 p.
427 4212 470 4270 19.
