2842 4898
686 338 759 417 63.

148 551 184 595 se
210 536 360 615 apparet,
389 533 456 594 tum
482 521 589 589 multis
612 520 784 608 Odysseae
811 521 893 588 locis
918 518 1150 609 traditur¹⁴⁴).
1194 523 1267 589 dam

150 661 229 706 vero
254 642 281 705 si
305 639 495 723 quaerimus,
519 632 686 720 quomodo
710 634 821 699 decem
843 634 918 700 illos
942 656 1052 718 anuos,
1075 656 1159 721 quos
1173 657 1267 721 vaga·
1366 715 1369 721 Α

149 762 202 817 tus
225 761 282 830 est,
303 749 415 814 Ulixes
438 749 678 832 consumpserit,
704 744 814 811 eadem
837 745 990 833 Odyssea
1011 749 1071 813 hac
1093 748 1192 815 dere
1215 771 1266 815 ac-

152 872 260 927 cmate
287 861 468 926 edocemur.
513 860 637 923 Etenim
660 857 797 940 Ulixem,
825 880 896 923 cum
925 861 995 946 ipse
1022 872 1143 948 septem
1166 882 1267 928 anuos

152 971 239 1059 apud
262 971 480 1059 Calypsonem
508 966 594 1034 dicat
620 989 656 1034 se
679 972 867 1036 contrivisse
881 967 967 1057 ¹⁴⁶),
994 993 1095 1039 annos
1118 973 1160 1039 ad
1181 995 1267 1038 sum-

151 1107 237 1150 mum
265 1095 329 1149 tres
357 1093 450 1148 autea
471 1090 618 1167 vagatum
648 1101 718 1146 esse
746 1091 886 1166 apparet.
930 1082 1030 1167 Atqui
1052 1104 1124 1149 cum
1145 1087 1178 1149 in
1202 1083 1267 1149 Or-

155 1216 227 1260 eum
254 1195 362 1260 Ulixes
390 1197 454 1281 jam
485 1203 557 1256 ante
587 1191 674 1256 illam
702 1194 736 1256 in
764 1192 891 1278 Ogygia
921 1197 1201 1260 commorationem
1232 1217 1267 1260 se

152 1305 330 1385 contulerit,
353 1304 428 1370 iude
451 1302 492 1368 ab
515 1305 585 1390 ejus
608 1323 646 1366 ex
667 1302 775 1366 lthaca
796 1301 942 1369 discessu
962 1325 1067 1390 usque
1089 1305 1131 1370 ad
1152 1307 1267 1372 iteril-

151 1417 209 1482 lud
237 1416 279 1482 ad
307 1416 428 1481 inferos
461 1424 642 1501 susceptum
669 1412 820 1479 tredecim
849 1417 923 1478 anni
950 1414 1158 1501 praeterlapsi
1186 1427 1267 1482 sunt.

151 1528 249 1594 Unde
272 1525 508 1604 Telemachum,
544 1529 613 1610 qui,
645 1547 718 1590 cum
749 1535 841 1611 pater
874 1546 912 1590 ex
940 1525 1048 1590 Ithaca
1081 1525 1269 1608 discederet,

151 1638 253 1704 modo
281 1647 375 1702 natus
398 1647 481 1702 esset
495 1635 503 1669 ¹
516 1635 586 1721 ⁴⁶),
613 1647 704 1717 tunc,
733 1637 791 1703 ubi
812 1636 920 1702 Ulixes
944 1660 1016 1702 cum
1043 1648 1142 1704 matre
1165 1637 1268 1704 collo-

153 1754 276 1836 quitur,
305 1770 420 1816 anuum
448 1750 574 1845 tertium
596 1746 649 1813 vel
678 1759 825 1835 quartum
852 1747 1008 1815 decimum
1031 1752 1132 1837 egisse
1155 1770 1268 1816 couse-

155 1864 270 1948 quitur.

242 1973 286 2037 At
306 1971 508 2037 vehementer
535 1972 611 2035 huic
637 1970 829 2036 Telemachi·
846 1977 941 2039 aetati
966 1970 1065 2040 verba
1092 1983 1270 2058 repugnant

154 2083 330 2165 Anticleae,
353 2081 472 2168 quibus
494 2080 619 2144 Ulixem
646 2076 688 2143 de
715 2079 786 2145 filio
808 2080 1011 2168 praediisque
1033 2084 1202 2149 certiorem
1222 2083 1269 2149 la-

155 2197 198 2260 cit
218 2197 261 2280 (v.
276 2192 340 2261 rel
353 2195 454 2279 sqq.):
905 2272 907 2278 Ι

308 2301 356 2366 cdv
377 2300 408 2362 δ’
432 2291 508 2374 oduei
531 2323 573 2364 τις
592 2293 659 2380 ἔχει
679 2297 768 2361 καλόν
789 2294 886 2388 γε’-ρας,
905 2298 984 2364 dido}
1004 2294 1104 2377 ἕκηλος

200 2401 202 2405 ’
309 2400 484 2484 Τηλέμαχος
503 2396 598 2477 τεμένη
621 2397 728 2478 νέμεται
749 2397 797 2466 καὶ
820 2402 921 2471 δαῖτας
941 2399 1020 2470 ἐΐσας

311 2503 446 2575 δαίνυται,
466 2496 503 2569 dc
522 2499 626 2568 ἔπέοικε
647 2503 816 2577 δικαςπόλον
836 2501 921 2597 ἄνδρ’
939 2503 1102 2591 ἀλεγύνειν·

311 2606 416 2674 πάντες
435 2603 492 2696 γάρ
513 2605 670 2675 medeveo.

246 2724 340 2812 Quae
360 2727 461 2794 verba
487 2733 672 2816 priusquam
702 2731 883 2811 ostendam,
917 2743 1066 2818 quantam
1100 2735 1269 2803 difficulta

155 2851 218 2906 tem
240 2838 416 2925 praebeant
437 2841 610 2922 interpreti,
637 2839 693 2922 qui
715 2858 754 2901 ea
774 2838 853 2903 velit
874 2861 947 2902 cum
970 2851 1149 2906 ceterorum
1171 2845 1270 2911 libro-

156 2974 225 3016 rum
247 2952 413 3016 notatione
436 2957 615 3035 temporum
637 2947 817 3030 conciliare,
839 2949 950 3036 paullo
974 2954 1152 3018 accuratius
1174 2955 1271 3042 expli-

159 3063 258 3128 canda
285 3071 374 3141 sunt,
406 3083 478 3125 eum
505 3058 584 3146 quid
611 3059 788 3146 significent
816 3061 901 3147 apud
929 3065 1016 3128 viros
1045 3063 1160 3130 doctos
1188 3089 1271 3133 non-

161 3173 231 3239 dum
264 3183 410 3239 constare
438 3171 592 3236 videatur.
641 3171 724 3236 Nam
753 3173 817 3236 hoc
848 3173 958 3239 saltem
989 3197 1027 3239 ex
1057 3179 1190 3261 copiosa
1218 3178 1273 3242 illa

161 3285 310 3352 Nitzsehii
332 3283 372 3350 de
394 3282 556 3350 hocloco
580 3280 794 3369 disputatione
809 3279 884 3369 ¹⁴⁷)
906 3284 1097 3376 intelligitur.

168 3411 367 3426 *n*

235 3465 297 3539 Η·)
335 3465 653 3535 cornuumque.
674 3464 898 3536 xv1‚1s.206.
917 3469 1015 3542 xum,
1029 3472 1094 3531 aar.
1108 3470 1190 3540 xix,
1205 3476 1269 3531 222.

165 3554 196 3611 u.
209 3556 234 3626 1,
249 3563 294 3612 11.
311 3557 365 3624 111,
380 3555 424 3613 se.
440 3557 494 3625 lv,
510 3563 572 3613 ωε.
587 3558 670 3628 avr,
685 3564 730 3616 m.
744 3558 868 3618 uirum.
882 3559 904 3618 r.
918 3559 938 3618 1.
955 3562 1021 3623 vor.
1036 3564 1089 3619 111.
1105 3582 1133 3643 p.
1150 3569 1215 3622 ess.

109 3716 113 3731 ,
234 3651 297 3726 ¹⁴⁵)
335 3649 391 3708 Od.
404 3651 474 3716 VII,
489 3656 543 3713 259
555 3671 616 3726 sqq.

114 4034 120 4095 i

235 3744 298 3820 ¹⁴⁶)
334 3744 372 3802 cl.
388 3743 443 3802 Od.
459 3743 513 3809 xl,
527 3737 581 3803 dd'l
594 3761 662 3820 sqq:

360 3835 377 3898 ἦ
393 3835 436 3905 μέν
452 3852 491 3904 μιν
509 3832 621 3907 [flattu-J
644 3830 758 3906 νύμφην
775 3853 810 3902 γε
832 3835 890 3914 rtur
908 3837 1078 3907 narrandarum
1094 3831 1162 3906 ἡμεῖς

361 3919 478 3997 ἐρχᾶμενοι
495 3919 638 3992 πόλεμόνδε·
656 3919 728 3982 πάϊς
746 3926 776 3979 dl
794 3925 822 3978 ol
837 3922 864 3990 ἦν
882 3924 931 3978 ἐπὶ
946 3923 1038 3998 μαζῷ
1136 3970 1155 3982 ,,

361 4034 467 4078 vneror.
484 4042 511 4054 -

116 4098 123 4201 ιΙ
171 4100 200 4158 u.
213 4105 266 4165 or.
281 4106 413 4176 mre.
429 4104 455 4171 1,
469 4105 533 4158 215.

120 4218 124 4225 ,
236 4201 297 4274 1Η)
334 4195 729 4273 r.t.v01.111.p.217sqq.
