2842 4898
584 316 632 392 87

138 502 226 569 Inter
254 501 423 566 Boeotiam
451 509 556 564 autem
584 510 616 564 et
640 498 776 564 Ithacam
805 502 989 567 societatem
1012 525 1166 570 commer-

49 620 199 701 ciumque
225 616 324 680 fuisse
352 615 490 677 narratio
521 611 643 696 prodit,
681 634 745 695 qua
772 612 1010 694 Alalcomenae,
1039 613 1178 682 Ithacae

51 740 107 795 aut
136 708 304 804 Asterius,
342 724 463 788 insulae
497 726 639 809 proxime
670 722 824 802 Ithacam,
858 726 1012 810 oppidum
1043 728 1083 792 ab
1113 728 1185 794 illa.

49 841 206 904 Boeotiae
234 836 314 901 urbe
345 833 499 900 oriundae
533 831 780 917 dicuntur²¹⁰).
826 837 899 900 Huc
926 859 1058 923 quoque
1084 841 1167 906 rele-

51 949 152 1016 renda
181 960 268 1028 sunt,
303 969 386 1033 quae
415 946 540 1011 Ulixem
563 944 792 1016 Alalcomenis
809 947 972 1014 Boeoticis
1006 950 1046 1015 ab
1078 953 1168 1016 Anti·

53 1062 123 1127 clea
161 1064 335 1148 expositum
364 1080 434 1123 esse
463 1055 724 1145 produnt²¹⁸⁰).
781 1058 909 1124 Nomen
941 1084 1074 1147 quoque
1103 1061 1168 1128 Ce-

53 1173 249 1259 phallenum,
290 1175 346 1256 qui
383 1170 468 1234 Ulixi
512 1168 632 1233 subditi
673 1179 762 1232 erant
779 1167 871 1253 ²¹⁹),
922 1171 963 1235 ad
1002 1174 1170 1239 Boeotiam

54 1294 187 1368 spectat.
240 1283 419 1349 Deducitur
454 1283 536 1343 enim
572 1301 590 1342 a
626 1279 786 1365 Cephalo,
825 1281 960 1346 Deionis
993 1283 1079 1362 lilio,
1114 1287 1171 1370 qui

55 1394 177 1458 Thebis
205 1392 367 1456 habitabat
394 1401 424 1455 et
456 1390 685 1476 Cephallenum
713 1391 832 1455 insulas
860 1373 913 1455 ab
928 1395 1169 1479 Amphitryone,

53 1526 152 1590 quern
189 1501 309 1566 bellum
343 1511 516 1588 gerentem·
536 1501 722 1589 adjuvisset,
763 1501 851 1568 dono
890 1503 1067 1588 accipiebat
1082 1503 1169 1591 ΗΟ).

54 1615 230 1701 Subjectae
253 1616 345 1699 igitur
366 1613 437 1677 illae
459 1612 581 1678 insulae
604 1624 692 1677 erant
722 1616 785 1700 jam
809 1615 1061 1701 Amphitryonis,
1085 1617 1170 1681 The-

56 1726 217 1792 banorum
248 1723 411 1810 principis,
442 1728 585 1809 imperio.
634 1726 741 1808 Atque
773 1727 916 1806 luerunt,
948 1731 1004 1812 qui
1035 1727 1075 1792 ab
1107 1730 1171 1795 hoc

58 1836 203 1923 Cephalo
231 1835 354 1901 Ulixem
383 1836 553 1901 oriundum
582 1857 652 1901 esse
675 1832 816 1901 dicerent
829 1836 914 1922 ²²¹).
960 1839 1050 1923 Quin
1077 1843 1171 1905 etiam

59 1952 94 2012 in
113 1953 181 2045 ipsa
196 1948 331 2012 Boeotia
345 1948 455 2012 Ulixes
477 1958 570 2011 natus
587 1969 656 2013 esse
672 1947 951 2034 perhibetur222).
986 1952 1081 2034 Quae
1099 1974 1172 2015 cum

62 2061 103 2123 ita
125 2080 193 2123 sese
216 2058 351 2122 habeant
375 2061 467 2121 etiam
497 2062 631 2146 propius
661 2059 701 2125 ad
722 2060 867 2125 Boeotos
890 2063 1079 2147 pertinuisse
1100 2061 1172 2128 Uli-

61 2173 104 2236 xis
126 2170 264 2235 labulam
286 2169 477 2256 intelligitur.

64 2373 264 2385 *-

137 2504 200 2576 ²¹⁸)
237 2505 272 2561 cs.
295 2505 437 2562 Plutarch.
463 2507 576 2582 Quaest.
602 2505 651 2562 Gr.
672 2504 719 2562 43.
745 2524 774 2580 p.
795 2500 859 2562 402.
881 2507 924 2562 ed.
953 2507 1035 2562 Hutt.
1058 2505 1174 2583 Apollo·

66 2595 122 2653 dor.
147 2616 192 2671 ap.
217 2597 307 2652 Strab.
330 2599 365 2652 X.
394 2618 421 2673 p.
443 2596 496 2657 457
520 2601 557 2654 A.
584 2601 645 2673 (ap.
673 2599 767 2676 Ileyn.
794 2618 822 2673 p.
843 2594 914 2671 424)
938 2600 995 2674 ibq.
1017 2599 1172 2659 Tzschuclr.

68 2704 93 2759 p.
112 2692 155 2748 92.
190 2687 225 2744 Ο.
248 2687 371 2743 Mueller.
399 2688 485 2745 Orch.
516 2709 543 2763 p.
570 2695 638 2743 213:
668 2689 811 2764 wichtiger
835 2691 886 2755 ist,
913 2691 973 2745 dass
997 2691 1044 2743 das
1070 2689 1175 2766 Heilig·

70 2776 139 2833 thum
160 2777 222 2852 [der
240 2778 350 2833 Athene
376 2779 419 2833 hei
439 2778 645 2852 Alalcomenac]
669 2799 712 2832 arn
733 2780 833 2833 Triton
856 2779 938 2852 liegt,
965 2778 1021 2832 und
1041 2798 1094 2832 von
1116 2780 1176 2834 hier

70 2868 172 2924 Athena
191 2869 315 2923 Tritonis
340 2880 461 2944 genennt
485 2868 573 2936 wird,
599 2870 642 2923 cin
668 2869 756 2924 Name
780 2868 830 2922 der
853 2869 881 2922 in
905 2870 958 2922 deu
983 2868 1175 2943 Minyeischen

72 2955 149 3033 Sagen
169 2960 226 3014 und
246 2960 341 3034 Ziigcn
358 2959 556 3033 wiederspielt:
578 2958 691 3034 wichtig
709 2960 745 3014 ist
764 2951 834 3014 auch
853 2959 897 3013 die
909 2959 988 3034 Sage,
1008 2959 1069 3013 dass
1083 2960 1176 3035 Odys-

71 3064 140 3114 seus,
164 3051 214 3104 der
235 3048 396 3124 Schiitzling
415 3051 465 3104 der
484 3049 587 3116 Pallas,
607 3069 662 3105 von
681 3050 741 3105 hier
759 3068 807 3104 aus
826 3050 880 3104 den
900 3050 1022 3115 Namen,
1042 3049 1082 3103 als
1100 3053 1176 3106 scine

72 3137 227 3214 Metropole,
247 3139 298 3194 aul
313 3141 366 3194 den
380 3139 521 3213 Hauptort
534 3140 642 3195 Ithacas
657 3142 821 3215 iibertragen
840 3141 939 3195 habc.''
952 3171 979 3182 -
992 3140 1028 3194 cf.
1040 3138 1076 3196 0.
1087 3139 1175 3196 Muel-

10 3238 13 3274 ἰ
72 3223 116 3283 ler.
134 3231 260 3306 Prolegg.
283 3249 310 3304 p.
327 3230 391 3284 362.
413 3231 511 3286 Kruse.
532 3230 635 3286 Hellas.
657 3232 695 3285 ΙΙ.
716 3235 743 3284 2.
765 3249 793 3305 p.
809 3225 862 3285 415
876 3249 918 3305 sq.
948 3228 1095 3290 Voelclxer.
1116 3231 1176 3287 Ho-

10 3346 15 3387 ;
72 3333 132 3377 mer.
151 3321 252 3397 Geogr.
273 3340 302 3395 p.
325 3325 368 3379 71.

141 3429 224 3503 ²¹⁸⁸)
262 3429 296 3484 cf.
319 3428 411 3484 Schol.
432 3430 515 3483 Ilom.
536 3428 570 3484 ll.
591 3430 702 3497 XXIII,
723 3432 786 3490 783.
813 3427 868 3485 ill
880 3426 974 3503 Ἴστρος
996 3429 1110 3494 ἐκτεθῆναι
1127 3428 1175 3486 dxl

10 3581 18 3609 Γ
70 3510 209 3580 Ἀντικλείας
223 3522 350 3574 Ὀδυσσέα
368 3520 435 3593 φησὶν
452 3525 473 3574 ἐν
488 3522 682 3592 Ἀλαλκομεναῖς
699 3526 739 3584 τῆς
756 3525 879 3590 Βοιωτίας,
895 3520 909 3586 ἦ
928 3527 987 3576 ἔστιν
1005 3523 1055 3593 ἱεραὶ
1070 3521 1176 3584 Ἀθηναῖε.

143 3647 205 3722 ¹¹⁹)
243 3647 278 3703 cf.
300 3646 334 3701 11.
355 3646 394 3712 Π,
415 3646 478 3700 6³1.
500 3646 555 3703 od.
576 3648 643 3711 xx,
664 3651 727 3701 210.
748 3649 858 3713 XXIV,
878 3642 941 3701 351.
963 3649 1026 3704 377.
1047 3643 1112 3700 tas.

144 3754 205 3828 ²²⁰)
242 3755 277 3811 cl.
300 3752 391 3809 Schol.
412 3754 512 3811 venet.
535 3755 605 3810 Nar.
626 3751 689 3810 Cat.
705 3760 768 3808 138.
789 3752 922 3827 Apollod.
938 3754 976 3808 II.
991 3749 1020 3820 4,
1037 3757 1063 3812 7.
1083 3753 1173 3811 Strab.

72 3849 103 3904 P·
120 3840 179 3902 434.
202 3847 299 3901 Kruse.
321 3843 423 3900 Hellas.
445 3845 482 3899 II.
505 3849 532 3899 2.
552 3862 582 3917 p.
603 3848 656 3902 275
674 3863 736 3918 sqq.

143 3951 205 4029 ²²¹)
242 3955 279 4010 cl.
300 3953 426 4008 Eustath.
447 3971 475 4026 p.
498 3951 580 4019 1396,
600 3957 627 4007 5.
649 3952 685 4007 cf.
707 3970 734 4025 p.
750 3952 815 4017 307,
835 3945 863 4005 4.
884 3956 950 4017 308,
973 3956 1015 4006 13.

143 4062 205 4134 ²²²)
242 4061 278 4119 cf.
300 4061 477 4138 Lycophron.
493 4059 570 4122 Cass.
587 4059 640 4121 786
652 4060 722 4134 ibiq.
737 4061 830 4116 Tzetz.
846 4070 874 4115 et
886 4056 978 4117 Schol.
994 4057 1105 4117 Bacbm.
