2842 4898
801 331 851 404 54

271 514 516 582 Homericorum
539 518 710 581 carminum
733 516 891 603 exemplar
913 519 1138 604 reciperentur.
1171 515 1281 602 ltaque
1302 514 1378 580 mul-

271 635 323 690 tos
345 649 457 693 versus
485 649 607 714 eosque
632 627 672 692 ad
694 649 745 692 res
767 627 957 714 fabulasque
980 629 1216 697 Atheniensium
1237 637 1379 713 spectan-

270 747 319 802 tes
347 741 552 825 interpositos
584 761 654 804 esse
684 738 837 804 videmus.
882 740 964 804 Nam
993 761 1076 804 unus
1104 738 1187 803 liber
1216 739 1379 825 Odysseae

270 848 457 916 undecimus
479 861 544 916 tres
567 850 790 936 complectitur
811 851 1072 937 interpolationes
1094 852 1226 929 Atticas,
1253 869 1377 934 quarum
1409 866 1411 871 ·

269 964 371 1045 primh
388 962 539 1042 Phaedra,
562 962 698 1042 Procris,
720 961 869 1042 Ariadna,
892 963 1047 1042 Theseus,
1069 963 1186 1042 Minos,
1209 961 1377 1045 Dionysus

269 1069 368 1133 altera
394 1072 543 1136 Herculis
565 1071 739 1150 ὥποθέωσις,
767 1075 859 1138 tertia
882 1072 1022 1159 denique
1044 1075 1188 1138 Theseus
1212 1073 1376 1137 Pirithous

269 1199 333 1263 que
356 1183 565 1244 continentur.
611 1179 705 1264 Quae
727 1181 990 1266 interpolationes
1012 1204 1079 1246 non
1101 1187 1200 1248 nimio
1218 1166 1322 1247 'alicui
1334 1181 1377 1246 at-

268 1291 405 1353 ticorum
436 1289 671 1375 rhapsodorum
698 1289 912 1376 interpolandi
943 1290 1051 1355 studio
1080 1291 1273 1356 tribuendae
1305 1300 1376 1370 sunt.

271 1421 344 1463 curn
367 1399 435 1467 aliis
452 1399 607 1465 Graeciae
627 1399 709 1464 locis
732 1399 847 1466 eodem
868 1399 965 1466 modo
977 1401 1149 1464 Homerica
1171 1405 1315 1467 carmina
1337 1399 1377 1469 vel

269 1522 424 1597 corrupta
447 1533 518 1576 esse
540 1510 593 1575 vel
615 1509 806 1597 amplificata
828 1520 1075 1575 consentaneum
1098 1513 1148 1574 sit.

362 1622 429 1688 Sed
456 1624 627 1688 Homerica
656 1624 793 1688 carmina
821 1642 967 1709 gennano
995 1623 1074 1707 quin
1102 1622 1248 1686 notitiam
1274 1623 1376 1687 Thesei

272 1733 440 1800 habuerint
469 1735 566 1799 ullam
601 1734 741 1799 dubitari
772 1737 884 1820 nequit
898 1730 982 1817 ¹³⁹).
1039 1730 1131 1799 Alter
1165 1734 1249 1797 enim
1285 1730 1372 1812 loeus,

272 1849 328 1928 qui
350 1846 445 1930 hujus
467 1846 574 1911 herois
596 1849 788 1910 mentionem
810 1845 885 1908 lacit
907 1843 1088 1926 (11.1‚265)
1111 1842 1304 1908 aveten'bus
1323 1845 1371 1908 cri-
1410 1895 1411 1904 ,

270 1958 340 2021 ticis
362 1958 439 2040 ipsis
461 1959 495 2021 in
517 1956 766 2022 adulterinorum
788 1977 954 2019 numerum
976 1954 1095 2019 relatus
1119 1951 1267 2040 est¹³³).

361 2069 421 2132 His
443 2069 538 2155 igitur
558 2067 719 2147 versibus,
749 2068 806 2153 qui
833 2069 901 2131 siue
924 2065 989 2130 ulla
1012 2065 1200 2131 difficultate
1223 2065 1292 2131 tolli
1310 2087 1368 2151 pos-

272 2186 347 2240 sunt
369 2188 466 2262 atque
490 2182 601 2258 omitti,
623 2199 769 2264 germana
790 2176 864 2243 libri
878 2179 981 2243 nostri
1002 2177 1105 2242 forma
1119 2175 1277 2244 obvoluta
1290 2188 1365 2262 atque

315 2504 410 2648 6¹³²)
447 2505 484 2562 cr.
511 2504 634 2562 namn.
662 2504 682 2567 1.
706 2505 726 2562 1.
750 2505 816 2566 vn.
837 2506 890 2562 111.
918 2525 948 2582 p.
962 2503 1073 2582 ιιι...
1105 2505 1141 2562 ι..
1160 2505 1299 2584 sepum.
1317 2503 1334 2562 1.
1348 2501 1363 2559 ι.
1397 2485 1411 2547 t

293 2633 299 2648 .
349 2610 392 2646 s.

270 2608 290 2668 p
348 2611 410 2774 1113)
448 2700 485 2759 cl.
506 2700 596 2757 Wolf.
623 2700 749 2780 Prolegg.
771 2723 799 2779 p.
819 2703 943 2762 XXVII.
974 2704 1021 2762 Ev.
1035 2703 1253 2785 Wassenbergh.
1271 2701 1365 2761 Homeri

271 2789 304 2850 ll.
319 2789 358 2850 lb.
374 2792 428 2850 Iet
439 2793 479 2849 ΙΙ.
495 2793 661 2869 Franequer.
678 2796 758 2855 1783.
774 2805 835 2851 not.
850 2814 878 2871 p.
890 2793 924 2851 11
934 2815 976 2872 sq.

344 2901 443 2978 Neque
461 2922 525 2960 vero
544 2903 632 2959 solum
652 2903 789 2974 Theseum
808 2904 947 2960 Homerus
966 2905 1093 2980 ignorat,
1113 2905 1161 2962 sed
1180 2907 1264 2965 etiam
1278 2900 1365 2982 peoess'·

271 3010 354 3068 guam
373 2992 529 3048 fabularum
549 2992 703 3049 Atticarum
723 2995 851 3051 notitiam
865 2996 974 3051 videtur
992 2994 1129 3052 habuisse.
1159 2998 1233 3054 Nam
1252 2995 1364 3075 plurimos

269 3085 358 3150 locos,
377 3083 427 3158 qui
445 3101 537 3140 rerum
552 3085 709 3140 Atticarum
728 3087 895 3141 mentionem
916 3085 1023 3142 faciunt
1040 3097 1088 3143 aut
1100 3098 1205 3144 veteres
1214 3081 1365 3164 grammatici

268 3177 342 3234 inter
365 3176 475 3250 spurios
504 3187 687 3232 numerarunt
711 3187 759 3233 aut
785 3178 948 3252 nosmetipsi
971 3177 1008 3234 ab
1032 3178 1155 3236 llomero
1176 3180 1240 3255 jure
1261 3178 1366 3236 videmur

268 3264 436 3336 abjudicare.
465 3266 502 3323 cl.
517 3266 551 3321 Il.
566 3268 606 3333 II,
620 3263 675 3323 516
683 3287 744 3342 sqq.
761 3267 891 3344 (Diogen.
907 3270 999 3324 Laert.
1016 3269 1042 3335 1,
1056 3274 1103 3328 57.
1124 3271 1239 3327 Aristot.
1262 3264 1364 3324 Rhetl·

271 3358 317 3415 15,
328 3357 372 3405 18.
394 3351 487 3406 Strab.
499 3355 551 3407 lx.
566 3373 595 3427 p.
606 3353 672 3414 391.
693 3356 832 3426 Plutarch.
848 3356 943 3413 Solon.
956 3363 1001 3411 10.
1022 3356 1284 3416 EustathetScbol.
1299 3352 1363 3412 bell·

268 3440 304 3498 ad
323 3438 357 3494 ll.
378 3440 417 3494 ll.
430 3446 495 3496 558.
534 3443 668 3498 Herodot.
684 3445 746 3502 Vit.
766 3445 849 3500 Hom.
870 3464 915 3520 ep.
935 3450 981 3502 28.
1011 3449 1152 3509 Welclrer.
1170 3447 1278 3527 Ep‘neh.
1300 3440 1363 3524 Cyd
1389 3509 1411 3533 ἒ

267 3551 298 3610 p.
309 3532 362 3590 878
373 3531 429 3605 sq.)
448 3528 483 3587 11.
497 3529 551 3597 111,
568 3527 620 3586 itt
639 3531 791 3604 (Plutarch.
802 3533 886 3591 Thes.
902 3556 947 3612 cp.
960 3542 994 3593 21
1009 3548 1038 3595 et
1049 3540 1144 3600 schol.
1155 3542 1254 3604 venet.
1267 3539 1332 3608 adv.
1339 3533 1363 3600 11
1396 3536 1411 3549 “

268 3621 323 3684 od.
340 3621 410 3690 Vll,
425 3627 460 3678 80
478 3619 582 3695 (Schol.
599 3621 676 3679 llarl.
692 3622 794 3681 etPal.
810 3625 887 3682 adh.
904 3629 954 3700 v.).
975 3659 1002 3672 -
1396 3620 1411 3647 '⁴

340 3733 383 3792 De
411 3732 504 3789 Attica
534 3731 748 3808 interpolatione
775 3734 810 3790 el.
838 3735 963 3794 Mueller.
991 3739 1106 3798 Homer.
1130 3739 1250 3802 Vorscb.
1277 3730 1360 3797 edll·
1387 3746 1411 3794 τ’

267 3843 298 3897 p.
315 3826 350 3883 77
364 3842 426 3898 sqq.
452 3822 577 3881 Nitzsch.
598 3824 770 3900 indagandae
790 3845 839 3900 por
858 3827 973 3885 Homeri
992 3828 1148 3908 Odysscam
1165 3821 1362 3908 interpolatio&

267 3930 363 3984 praep.
379 3916 411 3971 P.
431 3914 455 3970 Ι.
471 3915 598 3972 Hennov.
615 3920 696 3971 1828.
719 3934 747 3989 p.
764 3921 799 3972 28
813 3937 874 3994 sqq.
909 3921 1043 3977 Anmerlr.
1065 3941 1115 3978 zur
1133 3920 1238 4003 Odyn.
1252 3919 1314 3982 Vol·
1325 3911 1362 3973 111·

268 4015 297 4068 p.
315 3995 378 4054 251.
394 4005 447 4057 356
461 4023 522 4079 sqq.
553 4005 670 4072 llitschl,
689 4005 734 4062 die
753 4006 903 4065 Alexandr.
920 4011 991 4066 bibl.
1007 4033 1035 4086 p.
1050 4009 1137 4089 disq.
1160 4012 1208 4071 66.
1236 4013 1358 4069 numm

269 4084 375 4139 Homer
393 4089 452 4141 und
471 4091 520 4146 der
538 4097 647 4168 episehe
667 4094 780 4174 Cyclus.
814 4098 911 4157 Coela.
930 4106 1009 4160 18³9.
1034 4122 1061 4176 p.
1075 4108 1110 4160 25
1123 4122 1188 4182 sqq.
1217 4100 1341 4163 Zeinrhs
1380 4122 1411 4159 τι

268 4172 480 4234 alterthumsw.
498 4187 577 4242 1837.
596 4206 623 4260 p.
639 4188 693 4246 269
706 4205 766 4261 sqq.
