2842 4898
597 338 644 410 53

56 526 125 591 lilio
156 521 448 612 percontabantur,
477 519 511 586 id
540 543 656 608 magno
687 522 812 603 [iliram
843 523 1025 593 Telemachi
1053 529 1177 597 vis'endi

57 637 220 704 desiderio
247 634 375 698 allicere
397 655 527 698 necesse
551 645 625 698 erat.

59 788 63 795 ·
92 802 94 807 .
145 750 266 831 Neque
290 745 385 823 aliter,
409 767 503 830 quam
521 744 579 813 ‚illa
596 745 728 810 Achillis
750 747 858 827 verba,
882 771 920 814 ea
942 752 1175 837 interpretanda

59 870 148 936 sunt,
185 880 266 942 quae
297 856 337 920 de
368 857 467 941 Ajace
498 866 677 936 narrantur,
712 860 768 941 qui
803 881 874 922 cum
907 862 1113 948 implacabilis
1144 875 1176 930 et

59 991 171 1056 magna
202 979 312 1032 eontra
338 968 462 1031 Ulixem
488 967 606 1031 invidia
628 971 682 1047 sit,
708 969 793 1033 hune
820 982 942 1050 movet,
971 985 1007 1037 ut
1030 974 1176 1040 omnibus

58 1080 181 1146 viribus
205 1079 390 1157 contendat,
413 1100 453 1143 ne
477 1100 548 1142 eum
571 1082 603 1142 in
626 1077 733 1142 locum
756 1081 943 1166 propediem
965 1088 1084 1164 veniat,
1108 1107 1174 1169 quo

59 1192 122 1258 sibi
143 1214 208 1256 una
231 1213 302 1254 eum
323 1193 394 1254 viro
416 1191 630 1253 inimicissimo
653 1192 693 1253 sit
714 1190 912 1258 versandum.
955 1234 958 1239 -

146 1303 304 1367 Hercules
333 1300 487 1386 denique,
519 1304 610 1384 quasi
634 1305 727 1385 ‘prior
747 1303 856 1367 Ulixes
869 1302 933 1387 ²⁰),
956 1304 1176 1374 difficillimum

57 1415 205 1480 laborum
229 1417 384 1491 omnium,
399 1417 491 1498 'quos
514 1415 547 1476 in
564 1415 629 1502 vita
652 1416 852 1497 suscepisset,
876 1436 948 1477 eum
971 1418 1068 1482 luisse
1092 1421 1175 1502 dicit,

62 1547 129 1609 quo
159 1525 222 1588 sibi
249 1536 284 1589 ut
307 1523 484 1589 Cerberum
514 1545 551 1588 ex
574 1524 665 1588 Orco
695 1523 791 1587 ferret
814 1522 1036 1591 demandatum
1057 1529 1176 1597 fuisset.

60 1639 132 1701 Jam
155 1658 234 1700 vero
263 1636 372 1700 Ulixes
402 1658 473 1700 cum
502 1639 535 1699 in
559 1657 600 1699 eo
624 1644 721 1713 esset,
745 1645 781 1698 ut
799 1634 946 1702 laborem
970 1660 1007 1702 ex
1029 1640 1176 1712 Herculis

61 1751 215 1813 sententia
237 1751 451 1834 gravissimum
473 1757 683 1833 perpetraret:
708 1768 850 1831 magnam
872 1746 1020 1813 laetitiam
1043 1762 1074 1815 et
1092 1751 1177 1817 fidu-

63 1864 142 1925 ciam
163 1859 237 1924 inde
259 1864 409 1946 percepit.
441 1861 554 1944 ltaque
575 1859 693 1922 iactum
716 1868 773 1935 est,
796 1868 840 1936 ut,
863 1863 1013 1942 quoniam
1029 1883 1112 1945 quae
1127 1886 1177 1928 se·

61 1970 242 2057 quebantur
263 1971 405 2056 pericula
428 1975 672 2056 minoraserant,
695 1980 726 2033 et
743 1967 933 2034 desiderium
948 1976 1068 2053 patriae
1081 1978 1177 2039 maxi-

60 2106 147 2148 mum
177 2093 209 2144 et
238 2085 357 2163 animus
387 2094 495 2146 contra
523 2103 632 2148 omnes
655 2080 895 2145 sollicitationes
921 2079 1117 2148 firmissimus
1141 2106 1178 2148 ex

62 2194 128 2258 boc
149 2193 251 2256 Ulixis
273 2196 307 2255 in
329 2192 450 2257 Orcum
473 2195 582 2258 itinere
605 2201 794 2258 emanarent.

63 2369 66 2373 ,
151 2304 193 2367 Et
220 2303 298 2368 haec
327 2302 455 2388 quidem
485 2315 533 2370 est
562 2298 636 2370 libri
662 2307 765 2370 nostri
786 2313 898 2386 natura
921 2314 952 2370 et
976 2311 1176 2393 compositio,

62 2437 200 2501 quaeum
234 2437 329 2498 quam
361 2437 475 2498 parum
508 2416 679 2495 Elpenoris
710 2421 963 2482 commemoratio
1000 2423 1177 2515 conveniat,

61 2526 157 2592 facile
180 2523 374 2604 intelligitur.
420 2520 523 2603 Quae,
547 2542 616 2585 cum
639 2522 768 2589 nihilin
789 2548 826 2610 ea
848 2532 930 2609 insit,
953 2529 1044 2614 quod
1066 2529 1107 2594 ad
1125 2552 1177 2596 re-

62 2635 173 2718 liquae
206 2627 334 2698 Naeuiae
365 2632 518 2703 rationem
552 2637 655 2717 possit
689 2638 801 2718 referri
821 2638 890 2724 ²¹),
931 2644 1002 2727 jure
1031 2665 1051 2706 a
1081 2642 1184 2712 nobis,

60 2748 95 2812 in
123 2741 352 2807 dubitationem
373 2752 501 2820 vocata,
535 2753 566 2806 et
595 2746 635 2808 ab
663 2747 790 2814 homine
818 2763 924 2833 assuta
952 2753 1092 2832 videtur,
1122 2756 1178 2838 qui

63 2857 252 2920 narrationis
273 2856 427 2938 genuinae
440 2857 503 2917 vim
525 2876 567 2919 ne
589 2861 713 2925 minime
737 2861 866 2945 quidem
888 2867 1092 2946 perspiceret.
1126 2866 1178 2927 An

63 2970 232 3051 quisquam
259 2974 320 3042 est,
350 2967 417 3048 qui·
431 2988 556 3030 meeum
584 2967 764 3041 dissentiat?
801 2971 904 3035 Nemo
928 2973 1090 3057 prolecto,
1116 2977 1178 3040 nisi

62 3081 134 3164 quis
155 3076 321 3148 Klausenii
343 3082 526 3149 sententiam
548 3079 756 3163 amplectitur,
779 3086 836 3165 qni
851 3082 974 3146 Ulixem
990 3088 1073 3165 socii
1087 3083 1177 3148 idolo

65 3191 229 3253 certiorem
256 3187 342 3264 fieri,
370 3209 415 3257 se
433 3187 520 3270 apud
543 3189 663 3260 inferos
691 3193 833 3249 invenire
856 3199 952 3268 atque
974 3189 1083 3253 videre
1103 3197 1178 3273 eos,

66 3319 148 3385 quos
171 3302 203 3363 iu
223 3303 286 3363 vita
309 3295 499 3379 reliquisset,
530 3275 755 3378 opinatum).
801 3293 902 3381 Quod
931 3307 1049 3365 tautum
1078 3293 1177 3391 abest,

62 3421 98 3476 ut
125 3409 276 3496 probem,
304 3418 340 3473 ut
368 3405 452 3473 idem
475 3415 648 3486 arimatia,
670 3405 810 3490 Achille,
832 3411 1067 3503 Agamemnone
1090 3437 1178 3481 com.

136 3624 183 3697 ²⁰)
220 3621 319 3702 Schol..
337 3620 374 3698 Q.
399 3621 434 3677 ad
452 3641 479 3679 v.
501 3620 570 3683 619:
600 3625 725 3685 συνίστησιν
746 3627 825 3678 {ecrit
847 3623 980 3701 soban]
1009 3633 1057 3684 reis
1075 3627 1179 3702 ,Φαίαξιν

62 3714 222 3792 bdttxm'peerec
245 3713 279 3766 ire
302 3713 334 3765 td
359 3711 429 3782 iperet
448 3713 570 3781 Ἡρακλεῖ
589 3703 678 3771 tinient
698 3710 821 3768 εἶς”Αιδου
841 3713 963 3772 καταβάς.
1001 3715 1036 3767 οΓ.
1054 3715 1177 3770 Eustath.

63 3825 92 3881 p.
114 3811 197 3873 170³,
218 3811 253 3861 35
273 3815 300 3867 et
318 3808 364 3858 55.
397 3803 492 3858 Senec.
513 3803 548 3856 de
566 3801 730 3857 constantia.
751 3819 795 3875 cp.
817 3805 844 3854 2.
866 3801 902 3855 cs.
923 3801 994 3855 inira
1013 3813 1073 3854 not.
1095 3808 1139 3855 80.

138 3913 184 3990 ²¹)
224 3913 326 3968 Eadem
350 3920 390 3964 est
413 3925 508 3976 eausa,
537 3928 607 3982 quae
625 3929 651 3964 v.
672 3907 803 3964 565-600
827 3917 898 3962 etv.
920 3907 971 3963 6³1
999 3907 1178 3984 interpolatos

60 4023 116 4062 esse
139 4006 325 4062 demonstrat.
365 3996 443 4074 Quae
470 4016 512 4053 res
536 3998 609 4054 baud
633 4016 749 4072 parrum
772 4008 883 4053 nostrae
906 3997 941 4054 de
957 4001 1063 4058 Naeuiae
1079 4014 1179 4059 natura

60 4096 248 4176 disputationi
266 4093 376 4149 videtur
393 4089 584 4163 adjumentum
602 4088 711 4142 alierre.

134 4204 183 4277 ²²)
224 4194 1176 4273 DieAbenteuerdodysseusatullesioderklirt.Bonattal.p.l3.
