2842 4898
803 306 852 378 36
954 288 1001 364 f

266 512 373 579 neque
396 489 571 554 Thierschii
592 509 697 575 neque
711 487 864 554 Nitzschii
885 481 1005 576 poteris
1028 489 1168 576 probare
1187 496 1381 574 sententiam,

266 617 303 669 ut
327 625 409 687 quae
432 612 498 665 tum
522 601 656 681 demum,
680 624 751 664 cum
775 601 835 664 alia
857 612 1039 687 argumenta
1058 606 1252 683 accesserint,
1275 610 1316 670 sit
1332 607 1380 670 lo-

269 737 341 781 cum
369 713 523 777 habitura.
569 713 716 796 Namque
745 735 841 776 uuum
871 713 1054 799 hujusmodi
1082 715 1141 779 hac
1169 720 1201 780 in
1228 739 1262 780 re
1288 740 1380 802 argu-

267 838 406 891 mentum
429 845 495 888 nou
518 823 644 887 sufficit.
691 823 791 908 Quod
813 827 840 888 si
864 836 960 904 esset,
985 825 1061 911 quid
1083 825 1379 906 tandem‘ohstaret,

269 941 438 1025 quominus
461 937 528 998 sive
543 937 714 1021 Antiopam
736 939 802 1000 sive
818 936 1022 1001 Alcumenam
1038 941 1103 1001 sive
1118 940 1296 1024 Epicastam
1318 940 1379 1002 sive

270 1049 414 1114 Chlorim
447 1050 513 1109 sive
550 1047 755 1131 Iphimediam
789 1047 986 1113 diaseuastae
1020 1071 1089 1114 esse
1123 1052 1379 1114 existimaremus?

268 1160 368 1244 Atqui
397 1180 468 1221 cum
481 1158 694 1235 ,0111ιί11111,
725 1180 805 1240 quae
829 1170 939 1220 contra
961 1161 1140 1233 Herculem,
1153 1160 1279 1243 prolata
1302 1167 1380 1238 sunt,

267 1292 318 1334 me
347 1271 421 1332 satis
448 1269 605 1333 refutasse
632 1265 803 1340 confidam,
831 1263 908 1325 nihil
935 1285 985 1324 me
1013 1287 1111 1345 posse
1138 1287 1245 1346 neque
1271 1272 1382 1336 Thiar.

268 1381 347 1445 schii
368 1402 474 1465 neque
495 1381 649 1444 Nitzschii
670 1377 840 1472 sententiae
861 1368 1000 1442 tribuere
1023 1379 1161 1454 apparet.

358 1498 466 1576 Atque
488 1492 567 1554 haec
590 1489 715 1573 quidem
738 1490 913 1567 argumenta
933 1489 1043 1543 contra
1059 1482 1229 1546 Herculem
1244 1486 1279 1546 iu
1295 1485 1381 1552 libro

270 1602 442 1689 Odysseae
476 1592 643 1664 undecimo
680 1581 952 1657 commemoratum
982 1594 1042 1655 viri
1079 1591 1167 1656 docti
1197 1594 1379 1662 attulerunt

271 1716 365 1800 Quae
389 1737 459 1779 cum
483 1715 545 1797 jam
566 1707 717 1771 refutasse
731 1699 812 1761 'mihi
833 1698 943 1764 videar
966 1701 1006 1766 ad
1030 1725 1067 1767 ea
1090 1714 1285 1771 transeamus
1309 1729 1378 1792 pcr-

269 1825 450 1915 pendenda,
476 1817 593 1900 quibus
614 1809 784 1874 Herculem
805 1813 839 1873 in
862 1810 953 1877 Orco
978 1817 1107 1879 omniuo
1131 1836 1376 1884 commemoran-

269 1937 344 2000 dum
365 1934 462 1997 inisse
483 1924 698 1988 demonstrare
720 1920 873 1988 conabor.
895 1956 896 1961 1

778 2125 808 2210 s.
833 2121 862 2190 1.

356 2260 412 2328 Ac'
431 2259 566 2343 primum
594 2256 722 2342 quidem
751 2257 792 2322 ad
819 2260 900 2323 hanc
926 2281 992 2322 rem
1016 2257 1219 2323 evincendam
1250 2259 1376 2325 demon·

268 2385 363 2442 strem
387 2389 517 2435 necesse
541 2378 602 2448 est,
629 2372 804 2433 Homerum
826 2369 995 2433 Herculem
1018 2373 1051 2434 in
1074 2369 1164 2434 Orco
1188 2392 1376 2436 commemo·
1411 2403 1413 2413 ·

267 2507 338 2550 rare
359 2483 502 2566 potuisse
524 2481 553 2544 h.
577 2503 604 2545 e.
628 2481 797 2545 Herculem
824 2502 862 2544 ex
885 2483 1018 2545 Homeri
1047 2485 1201 2545 sententia
1224 2483 1313 2568 apud
1332 2487 1374 2548 in

267 2595 354 2659 ieros
375 2596 518 2656 versari„
549 2593 664 2676 Neque
697 2593 760 2655 hoc
788 2591 917 2655 dillicile
946 2602 993 2655 est
1024 2591 1064 2655 ad
1093 2591 1373 2660 demonstrandum

267 2706 349 2770 Nam
377 2714 452 2790 post
479 2713 657 2767 accuratam
680 2703 833 2766 Nitzschii
861 2725 898 2767 ac
919 2702 1066 2767 subtilem
1090 2701 1130 2766 de
1154 2725 1194 2767 eo
1219 2709 1372 2789 quaestio·

266 2815 416 2902 nem⁷⁵)‚
444 2838 518 2879 num
541 2817 684 2879 Homero
707 2813 853 2877 Herculis
877 2816 911 2876 in
938 2812 1016 2878 deos
1038 2814 1149 2878 relatio
1173 2826 1252 2880 nota
1279 2819 1373 2894 luerit,

265 2947 334 2991 non
356 2928 489 3012 amplius
512 2924 645 2990 dubium
666 2946 736 2998 esse
758 2934 872 3009 potest,
895 2928 973 3010 quin
994 2927 1153 2989 Homerus
1174 2948 1284 3013 neque
1301 2929 1373 2993 Her-

269 3039 349 3103 culis
379 3059 484 3122 neque
516 3036 595 3099 alius
625 3040 812 3122 cujusquam
841 3030 1027 3106 ἀποθεώσεως
1056 3039 1198 3100 notitiam
1227 3038 1372 3103 habuerit.

268 3151 534 3235 Quotiescunque
557 3150 638 3211 enim
660 3150 693 3211 in
716 3146 905 3212 canninibus
921 3148 1098 3212 Homericis
1115 3151 1234 3213 mentio
1248 3148 1287 3212 fit
1300 3150 1374 3212 Her·

270 3263 358 3340 culis,
381 3259 490 3324 eadem
512 3263 635 3323 ratione
658 3257 698 3322 de
721 3259 784 3322 lroc
805 3260 912 3338 heroe,
937 3282 1000 3344 qua
1023 3259 1063 3323 de
1087 3263 1198 3324 ceteris
1221 3259 1374 3336 omnibus,

271 3371 394 3448 dicitur,
417 3373 460 3432 ita
483 3380 518 3432 ut
539 3373 638 3453 ipsius
663 3374 931 3434 consecrationem
954 3392 991 3432 ea
1014 3369 1148 3454 quidem,
1171 3390 1232 3454 qua
1252 3368 1330 3430 Ilias
1347 3376 1376 3431 11

272 3482 425 3568 Odyssea
453 3479 739 3565 componebantur,
767 3491 868 3544 aetate
896 3483 1025 3544 omnino
1049 3503 1116 3545 non
1138 3501 1199 3545 usu
1219 3490 1374 3564 receptant

269 3595 367 3659 luisse
398 3603 556 3679 appareat.
602 3591 702 3676 Quod
724 3594 843 3656 etiamsi
864 3613 915 3653 vv.
934 3593 997 3654 602
1014 3613 1060 3676 sq.
1083 3614 1150 3658 non
1172 3590 1213 3655 ab
1236 3591 1371 3656 Homero

269 3707 434 3793 proiectos
469 3727 539 3769 esse
570 3704 731 3784 ostendat,
768 3703 893 3767 firmum
926 3711 1030 3767 11111111
1063 3702 1257 3788 praesidium
1292 3703 1371 3769 111111

194 3814 196 3818 ’
270 3821 541 3905 grammaticorum
563 3818 744 3893 sentcntiae,
768 3816 884 3896 quiex
904 3812 1011 3879 verbis
1033 3815 1069 3878 ll.
1085 3815 1205 3895 XVIII,
1225 3816 1307 3889 117:

457 3933 521 4004 οὐδὲ
542 3939 599 4028 «γὰρ
622 3931 686 4000 οὐδὲ
705 3931 757 4009 tila
778 3937 935 4024 Ἡρακλῆος
955 3933 1035 4019 φύγε
1056 3943 1145 4024 Κῆρα.

346 4157 389 4232 ⁷⁵)
426 4158 446 4216 1.
461 4159 480 4217 l.
495 4156 562 4223 Vol.
577 4157 629 4213 111.
643 4175 676 4232 p·
687 4151 742 4212 310
755 4174 816 4231 sqq.
