2842 4898
596 359 648 439 31.

58 550 233 618 adversarii
253 544 411 634 populum
433 544 580 630 aliquem,
604 548 660 631 qui
683 548 1008 616 enimas'imrnortales·
1020 571 1092 616 esse
1108 573 1182 630 ero-2

58 667 137 733 derit
168 685 278 747 neque
306 683 382 726 vero
413 660 588 725 hanensihi
620 661 882 728 immortalitatem
912 663 954 728 ad
982 668 1182 750 vitansque·

55 783 120 868 jorn
143 775 340 853 fruebantur,
368 776 522 838 sotionem
545 772 696 836 finxerit..

150 886 236 953 Cum
264 889 358 972 igitur
379 886 538 949 Homerus
565 886 598 948 in
626 904 664 947 ea
685 895 831 949 versetur
858 889 1023 971 opinione,
1050 893 1183 956 utonis:

59 1023 128 1066 mas
157 1005 386 1084 postmortem
408 999 441 1060 in
464 994 575 1059 eadem
596 1017 682 1074 esse,
698 1017 770 1078 :qno
794 1008 892 1077 autea,
920 1004 979 1064 etsi
1000 1004 1102 1066 minus
1125 1004 1176 1087 ju·

61 1110 168 1178 cunda
189 1109 377 1174 condicione
393 1111 555 1187 sustinet:
575 1127 646 1172 ‚non
659 1107 835 1172 mirandum
852 1132 922 1174 esse
936 1111 1066 1196 unitor,
1079 1111 1182 1197 quod.

58 1223 216 1289 Hercules
239 1243 322 1285 arma
345 1229 440 1306 geist.
486 1219 627 1285 Poetam
638 1222 729 1297 enirn,
753 1241 825 1284 cum
840 1220 924 1284 illam
940 1221 982 1284 de
994 1221 1086 1287 Orco
1103 1245 1179 1289 sm.

58 1339 185 1401 tentiam
209 1337 401 1419 conciperet,
424 1353 491 1395 non
510 1329 615 1394 solum
635 1328 676 1394 de
693 1333 785 1394 animi
801 1331 1031 1412 allectionibus,
1049 1339 1191 1422 quippq·

59 1454 142 1532 qnae
172 1455 405 1533 postmortem
425 1453 639 1523 remanerent,
663 1440 720 1505 sed
744 1445 835 1505 etiam
856 1441 898 1506 de
920 1443 1088 1528 permultis
1107 1446 1184 1510 aliis,

59 1556 160 1622 rebus
190 1555 231 1620 ad
258 1557 541 1642 aptum'eorporis
561 1563 675 1617 statum
698 1557 883 1618 necessariis
906 1557 1063 1640 'cogitasse
1082 1577 1185 1640 uper-t

60 1679 124 1733 tum
150 1677 209 1732 est.
252 1668 376 1733 Locum
399 1666 526 1752 quidem
548 1664 655 1728 Iliadis
679 1665 809 1745 (XXIII,
824 1667 972 1750 65sqq.),
995 1677 1030 1730 ut
1048 1671 1185 1731 vestitas.

60 1782 94 1844 in
115 1781 208 1845 Oreo
232 1784 349 1844 enimes
368 1801 443 1844 esse
466 1780 622 1856 evincom,
644 1797 711 1840 non
734 1775 912 1855 adhibebo,
934 1783 1004 1842 nrm
1028 1790 1058 1843 et
1078 1784 1184 1861 inter7¹

64 1892 193 1979 polatus
220 1892 274 1956 ille
301 1893 395 1959 locus
417 1889 648 1972 videaturl'),
675 1900 708 1952 ot
728 1909 808 1969 res,¹
831 1887 871 1952 de
896 1893 967 1974 qua'
991 1889 1185 1976 disputetur,=

61 2008 155 2067 etiam
183 2004 256 2066 eliis
275 2002 464 2068 rationibus
498 2004 599 2087 possit
634 1999 852 2064 demonstrari.
901 1999 985 2084 Quis
1014 2013 1062 2066 est
1095 2007 1186 2081 enim,

61 2113 190 2199 pulc'hri
221 2135 258 2176 ae
284 2113 398 2177 decori
420 2134 516 2176 sensu
538 2123 601 2176 tam
625 2115 736 2197 exiguo
759 2114 947 2190 instructus,
977 2113 1185 2197 ut2Grsecoq.

64 2223 125 2287 sibi
149 2223 256 2288 nudos
277 2224 395 2287 inferos
418 2222 545 2287 finxisse
568 2227 732 2310 opinetur?
761 2221 868 2306 Quid?
891 2224 1186 2292 Tiresiamnuduni·

62 2346 258 2421 sceptroque
296 2346 440 2400 ornatum
475 2335 600 2420 qualern
636 2335 819 2419 adspectum
849 2333 971 2399 hebere
1002 2335 1185 2405 arbitreris?

62 2445 127 2510 Sed
157 2467 273 2510 nemo
285 2450 357 2522 erit,
385 2450 444 2526 qui
471 2445 511 2506 de
540 2445 648 2521 inieris
674 2443 737 2506 tale
765 2445 842 2530 quid
866 2445 1049 2526 contendat,
1072 2464 1186 2534 neque

61 2557 229 2620 Homerus
252 2550 426 2637 quidquam
448 2551 627 2616 haedere
649 2551 776 2622 lomus
798 2569 854 2684 est,
881 2559 971 2646 quod
991 2583 1051 2646 per
1073 2584 1108 2626 se
1130 2562 1185 2627 iol

63 2665 233 2750 telligatur.

151 2776 254 2860 Ergo
269 2776 300 2838 si
318 2777 438 2839 animae
460 2778 580 2857 vestes,
608 2786 643 2842 et
664 2779 802 2846 Tiresias
825 2747 988 2868 praeterea
1010 2784 1187 2869 sceptrum,

63 2908 176 2974 gerere
197 2884 340 2971 possunt,
356 2910 422 2964 qur
444 2889 574 2953 Heromi
597 2910 663 2954 non
685 2890 811 2956 lieuent
833 2915 918 2970 srrna
941 2897 1091 2978 gerere?
1181 2920 1186 2947 ι

151 2996 219 3063 Sed
248 2996 357 3062 dixerit
388 2998 500 3085 aliquis
530 3023 620 3065 arma.
645 3003 792 3069 Herculis
820 3015 932 3071 nostro
967 3003 1042 3070 loco
1073 3008 1187 3093 inepte

24 3167 27 3173 .
63 3112 315 3188 commemorari,
344 3111 435 3196 quod
458 3134 625 3197 quamnam
650 3111 779 3178 adrem
803 3135 886 3198 opus
910 3127 1014 3179 essent
1041 3136 1108 3176 nou
1131 3120 1179 3178 in-

64 3221 274 3306 telligeretur?
295 3225 339 3285 ite
360 3226 444 3284 enirn
466 3232 609 3292 veterum
625 3218 727 3280 verba.
746 3227 1018 3303 grammaticorum
1041 3243 1111 3286 esse
1126 3244 1187 3288 ata·

63 3331 221 3418 cipieods:
244 3329 381 3400 irriderer
398 3325 432 3395 dl
450 3324 538 3394 edelr
560 3330 744 3413 [Ἡρακλέα]
766 3326 846 3414 ἔχειν
864 3327 916 3398 nel
933 3329 982 3404 r‘slr
1000 3334 1188 3421 rumifo⁶²),›

63 3443 179 3527 Quod,
207 3466 396 3528 quamquam
425 3442 505 3506 salso
535 3441 692 3526 prolatum
722 3454 783 3523 est,
810 3467 876 3510 non
904 3450 1056 3534 majorem
1075 3449 1189 3517 nobis·

61 3555 232 3620 Herculem
260 3553 372 3619 tuendi
392 3552 613 3631 difficultatem
637 3556 754 3620 artem·
781 3554 856 3642 Qun
880 3563 912 3623 in
933 3583 970 3624 re
998 3560 1179 3647 pro‘voesre

63 3665 103 3730 ad
127 3665 161 3730 id
182 3689 327 3752 possem,
343 3666 459 3751 quod
472 3666 571 3730 modo
600 3666 835 3744 demonstravi,
853 3671 975 3732 Oreum
1004 3694 1073 3733 esse
1095 3677 1186 3734 vitae

61 3776 215 3869 effigiem:
239 3777 296 3879 sed
320 3776 380 3841 alia
402 3781 523 3842 retrone
535 3775 706 3841 Herculem
730 3797 814 3837 arma
829 3787 987 3889 gerentem
1003 3777 1186 3844 delendam·
1241 3838 1246 3850 ,

59 3886 152 3952 Nem
168 3886 216 3954 ad
234 3872 327 3954 usum
350 3864 512 3979 aliquem
509 3900 594 3997 erma
615 3856 799 3994 llerculem
804 3900 921 3973 gerere
942 3899 1008 3999 n'on
1029 3872 1179 3999 equidem
1278 3934 1281 3943 ·

136 4140 184 4211 ⁶¹)
223 4139 412 4214 el.p.23sq.
530 4093 534 4102 1
594 4097 599 4111 ι

133 4233 184 4309 ⁶²)
223 4232 365 4308 elpis.
714 4232 717 4245 ’
