2842 4898
261 507 433 596 ‚Elpenori
454 508 581 576 licuerit
602 507 750 595 equidem
771 516 839 591 uon
852 506 960 574 video.
1003 507 1115 595 Quare
1137 532 1206 575 cum
1228 513 1267 576 iis
1287 511 1380 591 facio,

270 624 327 706 qui
356 621 412 685 illo
440 623 568 687 tlmnine
586 624 645 685 ‘ant
668 622 799 706 Stygem
827 631 880 684 aut
902 620 1116 684 Acherontem
1142 632 1195 686 aut
1216 621 1379 708 Cocytum

263 732 440 818 {significari
474 741 595 817 putant.
641 733 737 795 Haec
768 752 846 795 vero
880 731 1010 799 flumina
1025 788 1028 792 .
1046 754 1117 796 cum
1148 755 1167 797 e
1200 736 1380 817 posterioris

266 864 366 928 quam
390 845 550 906 Homerici
577 845 647 904 ac‘vi
675 845 828 907 sententia
841 839 910 927 ³⁹),
937 845 1125 927 priusquam
1147 847 1267 908 animae
1290 864 1378 908 suum

269 957 303 1020 in
325 952 560 1038 receptaculum
582 955 734 1028 venirent,
757 951 949 1027 transeunda
972 957 1234 1019 existimarentur:
1258 965 1378 1020 senteu-

187 1095 195 1113 ι
268 1066 343 1126 tiam
365 1060 511 1125 versibus
530 1061 568 1125 ll.
578 1063 690 1140 XXlll,
704 1065 746 1129 69
758 1077 829 1148 sqq.
846 1063 976 1128 relatam
999 1064 1041 1138 ab
1054 1068 1187 1129 Homeri
1209 1087 1289 1129 aevo
1308 1064 1377 1128 alie·

267 1174 434 1249 nissimarn,
455 1174 522 1234 sive
537 1170 622 1234 illam
637 1170 744 1234 Iliadis
760 1175 880 1253 partem
896 1175 1026 1256 reliquis
1042 1178 1251 1249 recentiorem
1267 1174 1378 1239 babeo.

357 1282 507 1367 Denique
531 1279 620 1365 quod
642 1279 824 1344 Patroclum
847 1282 981 1356 animae,
1010 1301 1051 1341 ne
1073 1284 1106 1342 in
1130 1282 1252 1347 Orcum
1276 1288 1381 1365 ipsum

267 1396 383 1474 veniat,
406 1394 613 1481 propulsasse
636 1388 802 1471 dicuntur,
817 1388 851 1455 id
873 1392 953 1453 satis.
969 1390 1081 1451 mirum
1104 1399 1160 1453 est.
1193 1391 1272 1453 Etsi
1296 1398 1382 1455 enim

268 1510 391 1593 percipi
414 1507 505 1570 facile
528 1516 644 1591 potest,
667 1507 730 1589 qui,
754 1489 982 1583 etcorporum
1006 1499 1169 1584 sepultura
1191 1505 1268 1564 tanti
1288 1505 1380 1565 aesti-

268 1629 416 1696 maretur,
440 1618 556 1681 lactum
580 1620 632 1680 sit:
656 1613 689 1678 id
710 1623 813 1676 tamen
835 1610 1027 1695 permultum
1051 1609 1140 1674 abest
1163 1609 1203 1674 ab
1227 1615 1378 1696 opinione

270 1750 322 1806 ea,
347 1751 410 1813 qua
437 1731 538 1792 anima
561 1729 593 1791 in
607 1706 705 1790 or‘co
728 1733 890 1787 versantes
915 1742 1052 1808 corpore
1074 1721 1234 1807 insepulto
1260 1723 1377 1787 ollandi

269 1837 487 1901 credebantur.
533 1837 621 1898 Haec
650 1836 732 1898 enim
763 1836 875 1918 opinio
900 1833 1045 1920 longius,
1073 1855 1167 1919 quam
1196 1855 1280 1916 quae
1309 1854 1375 1898 cum

259 1949 381 2010 ceteris
404 1946 592 2010 Homericae
615 1948 724 2009 aetatis
746 1944 889 2009 moribus
906 1948 1082 2023 conveniat,
1104 1947 1374 2030 repetita,'neque

269 2062 422 2130 exstitisse
450 2062 522 2140 nisi·
538 2064 578 2123 ‘eo
601 2064 744 2143 tempore
766 2055 907 2135 videtur,
929 2076 997 2140 quo
1022 2056 1138 2121 Graeci
1154 2058 1194 2119 iu
1213 2076 1257 2119 'eo
1280 2066 1373 2133 mant,

203 2150 206 2154 ’
262 2179 305 2232 ut
328 2169 483 2234 deOrco
496 2174 699 2254 opinionem,
724 2167 830 2252 quoad
853 2167 924 2231 fieri
938 2170 1060 2253 potuit,
1084 2169 1261 2231 accuratius
1275 2185 1374 2228 *exco-

261 2277 378 2344 rlerent
393 2289 424 2343 et
447 2278 639 2344 Charontem
662 2280 780 2343 inle'ros
794 2279 1054 2343 'transvehentem
1077 2287 1260 2342 statuerent.
1280 2314 1282 2319 ·
1306 2310 1310 2315 ·

262 2399 265 2452 Ξ
304 2430 308 2441 ·
335 2389 663 2477 Quomodocunque
691 2411 769 2453 vero
797 2391 876 2453 baec
902 2411 954 2453 res
983 2402 1054 2453 se'se
1076 2386 1185 2466 habet,
1212 2387 1248 2451 id
1269 2387 1373 2453 saltem

262 2503 459 2588 *intelligitur
474 2511 592 2565 tautum
616 2500 783 2566 discrimen
805 2505 887 2564 iuter
909 2500 993 2564 illam
1015 2499 1059 2563 de
1070 2499 1220 2563 Patroclo
1237 2509 1372 2585 eamque,

261 2611 309 2691 {de
338 2634 402 2698 qua
429 2612 639 2696 disputamus,
669 2615 898 2695 enarrationem
921 2610 1145 2690 intercedere,
1159 2610 1259 2676 altera
1282 2623 1321 2676 ut
1340 2608 1371 2675 ad

265 2722 396 2804 alteram
428 2722 578 2788 tuendam
609 2734 704 2808 atque
742 2721 972 2805 defendendam
991 2726 1039 2787 'in
1074 2721 1211 2787 medium
1243 2723 1371 2810 prolerri

266 2846 429 2921 nequeat..
503 2882 519 2895 >.
559 2891 563 2896 .
633 2892 635 2897 .
890 2848 893 2853 '
1106 2840 1110 2847 '
1151 2915 1154 2918 y
1307 2905 1310 2919 Ι

353 2949 398 3011 lis
416 2950 514 3034 igitur
536 2947 698 3027 omnibus,
721 2970 813 3033 ,quac
834 2947 986 3013 hacteuus
1008 2945 1168 3033 disputata
1190 2954 1277 3029 suutj
1304 2967 1374 3013 con-

263 3056 422 3138 sideratis,
444 3064 519 3122 nod.
534 3058 757 3143 dubitabimus,
791 3063 877 3145 quiu'
889 3063 1064 3140 versusbl
1076 3061 1139 3123 -83
1164 3057 1374 3125 diasceuastae

268 3191 349 3234 esse
371 3184 566 3236 censeamus.
588 3199 590 3203 ’
611 3171 721 3258 Cujus·
749 3171 1000 3256 interpolationis
1035 3188 1118 3254 quae
1150 3171 1246 3235 fuerit
1273 3179 1374 3249 ¹'ctartsa

267 3301 334 3344 uon
355 3292 430 3361 cst,¹
447 3305 505 3346 cur
527 3284 653 3370 longius
670 3288 885 3371 perquiratur.
917 3283 1132 3367 'Quamquam
1156 3285 1236 3347 enim
1258 3282 1374 3366 proba·

259 3390 331 3456 -bile
352 3404 414 3470 est,
433 3393 603 3480 Elpenoris
627 3418 697 3461 cum
713 3395 804 3459 Ulixe
828 3392 1026 3476 polloquium
1042 3390 1152 3458 deberi
1160 3393 1294 3471 'bomini
1320 3395 1373 3471 cui,

261 3503 358 3590 lqnod
374 3506 476 3571 ‚herba
498 3512 700 3586 cummatre',
722 3507 970 3590 Agamemnone,
993 3504 1125 3583 Achille,
1146 3502 1289 3567 Hercule
1314 3505 1372 3568 aliis

268 3617 520 3703 colloqueretur,
549 3620 744 3682 necessarius
774 3611 1011 3698 quodammodo
1039 3614 1093 3679 ille
1120 3634 1223 3697 sermo
1248 3614 1371 3680 videba-

267 3738 320 3792 tur
342 3740 374 3805 et
398 3727 437 3792 ab
455 3728 663 3813 auditoribus
680 3707 876 3811 exspectatus
889 3721 957 3810 ⁴⁰):
981 3733 1085 3791 tamen
1099 3748 1165 3806 non
1179 3728 1369 3814 magui-banc

267 3857 472 3868 ——n

344 3906 389 3978 ³³)
426 3905 461 3960 cs.
480 3903 602 3960 Nitzscb.
617 3902 637 3957 l.
652 3900 671 3955 l.
687 3899 752 3956 Vol.
769 3899 821 3954 lll.
839 3919 866 3974 p.
882 3895 945 3957 etl.
1010 3913 1013 3920 '

342 4001 386 4072 ⁴⁰)
425 4001 512 4075 Quod·
526 4019 591 4056 saue
608 3988 669 4053 tum
688 3994 800 4051 demum
819 3995 879 4052 fieri
899 4010 1022 4074 poterat,
1046 3998 1110 4054 cum
1128 4000 1224 4052 Nuuvta
1243 3997 1367 4079 singulam

258 4088 381 4163 aliquod
401 4109 511 4147 carmen
529 4089 696 4146 constituere
714 4089 851 4147 desineret
869 4100 979 4149 etcum
998 4088 1070 4149 libro
1083 4087 1366 4179 decimodpodecimc
1408 4103 1417 4115 '

268 4199 322 4258 que
340 4181 489 4255 conjuncta
505 4189 585 4236 esset.
606 4177 642 4235 cf.
658 4177 728 4255 Cap.
741 4179 793 4244 lv.
