2842 4898
687 318 739 397 92

226 499 233 527 '¹
259 538 264 555 ¹
323 500 482 571 meirade&
501 503 644 587 ἰφθίμους
664 501 782 589 ψυχὰς
797 499 875 568 ”Atti
895 498 1040 594 προΐαψεν

172 624 175 633 “
285 622 288 631 “
322 607 426 699 ἡρώων,
446 609 553 676 adroic
574 604 606 673 i}
626 608 724 700 ἑλώρια
744 619 838 694 τεῦχε
858 606 994 673 retinerem
1059 622 1061 628 '

288 772 290 777 .
323 739 491 778 οιωνοιτιτε
513 745 610 779 narso.

157 839 186 902 si
207 839 239 901 in
254 836 458 923 'corporibus
480 839 532 904 vel
556 837 794 904 concremandis
813 838 868 903 vel
890 836 1080 924 sepeliendis
1103 838 1272 900 animarum

156 952 191 1013 in
214 948 337 1013 Orcum
367 954 518 1017 introitus
544 955 669 1039 positus
698 953 818 1017 fuisset.
862 953 985 1029 Hector
1014 949 1054 1014 ab
1070 948 1207 1035 ,Achille
1227 950 1272 1011 iu·

156 1061 308 1131 terlectus
332 1065 364 1127 in
381 1064 621 1129 Orcumivisse
644 1064 768 1143 dicitur,
790 1086 896 1148 neque
913 1063 1084 1149 quidquam
1104 1062 1201 1127 relert
1216 1080 1272 1123 no-

158 1192 230 1236 vem
258 1172 326 1236 dies
355 1174 440 1238 illius
467 1177 527 1237 viri
555 1193 673 1256 corpus
701 1176 806 1252 neque
829 1172 990 1252 sepultum
1011 1190 1272 1255 nequeconcre·

159 1296 276 1351 matum
300 1286 462 1350 a-ierninis
485 1286 634 1370 Troianis
657 1279 826 1368 deplorari.

252 1397 322 1484 Qui
342 1417 422 1464 vero
444 1397 538 1463 locus
561 1397 597 1461 ll.
608 1396 664 1478 xl,
677 1397 740 1460 262
753 1396 805 1476 sq.¹
817 1385 920 1467 verbis

329 1525 393 1592 lb?
413 1526 573 1618 Ἀντήνορος
593 1523 659 1598 υἷες,
681 1523 727 1584 tre’
745 1512 867 1602 Ἀτιεῖὃῃ
889 1508 1012 1588 bastart

328 1632 435 1709 ato'rfmv
455 1629 682 1706 ἀναπλήσαντες,
702 1617 781 1682 Idu?
802 1612 906 1690 δέμον
924 1612 1042 1685 *Ai'd'nc
1062 1615 1155 1683 sio-w.

161 1777 270 1857 potest
291 1772 483 1856 significatus
506 1787 582 1839 esse,
605 1761 664 1822 nisi
686 1759 727 1832 is,
751 1752 808 1820 ubi
831 1755 923 1822 inferi
937 1762 1121 1823 versantur?
1149 1760 1189 1824 cl.
1207 1758 1267 1826 Od

159 1883 213 1965 XI,
235 1882 297 1944 150
320 1887 351 1941 et
374 1877 512 1949 627.-·-
501 1870 572 1934 ·.Il
587 1866 699 1947 XXIII,
724 1870 763 1934 l9
788 1878 819 1934 el
845 1870 908 1940 179
932 1868 1071 1934 Achilles
1098 1870 1197 1955 χαῗρέ
1209 1901 1266 1955 μοι,

159 1993 271 2077 inquit,
293 2018 316 2055 ω
299 1982 499 2072 Πέτρικλι,
519 1975 569 2047 nai
588 1977 624 2044 εἶν
642 1975 710 2046 ’Ati
708 2009 744 2047 ιιι
764 1979 908 2064 liparen:
929 1981 1046 2066 quibus
1063 1981 1171 2047 verbis
1194 1986 1267 2047 ami·

160 2124 241 2177 cum,
266 2103 356 2185 cujus
380 2116 496 2182 corpus
517 2063 660 2157 nonduin
682 2092 841 2179 sepultum
865 2104 940 2173 erat,
962 2095 1025 2180 jam
1040 2096 1072 2157 in
1088 2097 1157 2179 ipso
1173 2086 1262 2157 Orco
1301 2124 1303 2129 .

157 2210 260 2272 inesse
283 2207 399 2291 prodit.
444 2200 544 2286 Quod
574 2208 600 2268 si
624 2209 695 2290 quis
718 2208 850 2291 negarit,
878 2207 904 2268 is
936 2226 1057 2288 quaeso
1089 2202 1267 2269 consideret

157 2306 194 2384 ll.
209 2316 327 2401 XXIV,
343 2317 405 2384 593
428 2311 486 2378 ubi
503 2315 641 2380 Achilles
664 2315 776 2381 iisdem
797 2317 873 2397 fere,
897 2314 1016 2400 quibus
1039 2326 1140 2397 antea,
1164 2315 1264 2383 verbis

158 2435 270 2495 utitur:

168 2530 205 2538 ...
238 2536 259 2551 Ἰ
319 2541 368 2625 Mq'
387 2577 442 2622 μοι,
463 2544 619 2639 Πάτροκλε,
640 2544 832 2622 σκυδιιινέμεν,
853 2546 887 2612 cei
902 2578 936 2625 ιιε
956 2545 1072 2625 ruffinae

311 2657 358 2716 ἐἶν
376 2647 472 2720 Ἀἲδὸς
492 2683 543 2744 περ
565 2650 626 2728 ἐών,
646 2651 686 2717 iu
703 2651 825 2744 ’Ἕκτορα
847 2653 905 2718 δῖον
926 2651 1027 2718 ἔλυσα.

156 2794 241 2863 Cum
255 2789 257 2793 ⁵
270 2801 352 2864 euim
379 2802 459 2864 baec
480 2799 579 2864 verba
609 2798 802 2880 dicerentur,
833 2799 1001 2864 Patroclus
1024 2799 1170 2884 sepultus
1195 2808 1261 2868 erat

154 2907 201 2989 Ex
236 2931 303 2994 quo
332 2911 408 2977 loco
430 2911 523 2977 facile
547 2912 661 2997 aliquis
691 2911 869 2997 collegerit,
892 2910 1079 2997 ubicunque
1105 2912 1206 2979 verba
1229 2909 1259 2979 dv

147 3008 284 3091 'nile
275 3045 308 3087 ιιι
337 3027 409 3110 ipso
440 3010 531 3088 Orco
566 3021 788 3088 habitationem
824 3035 919 3109 atque
955 3046 1026 3088 cum
1061 3029 1176 3090 ceteris
1202 3025 1260 3089 aui·

52 3141 56 3145 '
153 3133 212 3195 mis
241 3138 423 3200 societatem
455 3133 640 3221 significare.
687 3133 789 3221 Quod
815 3139 907 3201 etiam
936 3133 1137 3222 probabilius
1166 3136 1207 3202 fit
1227 3153 1260 3201 eo

155 3239 242 3323 locu,
266 3250 321 3331 qui
344 3258 391 3311 est
414 3246 450 3310 ll.
466 3246 566 3328 XXll,
582 3249 648 3313 389
664 3269 768 3335 sq..

321 3376 396 3446 εἶδε
417 3379 565 3447 &overrun
586 3414 636 3477 περ
656 3382 851 3464 κατα)η’θοντ’
872 3389 911 3448 εἶν
929 3382 1038 3460 Ἀΐδαο,

322 3487 412 3578 mirol?
434 3488 491 3572 ε’·ιι)
512 3486 571 3553 nol
593 3493 692 3555 κεῖθι
715 3487 800 3574 φίλου
821 3487 972 3566 μεμνήσομ’
994 3486 1110 3578 benique.

243 3627 300 3691 Est
323 3631 404 3692 enim
427 3627 511 3693 hand
525 3628 666 3711 dubium,
690 3632 768 3715 quin
788 3632 814 3694 is
836 3630 1030 3716 significetur
1045 3637 1159 3710 status,
1175 3648 1262 3717 quen

154 3750 297 3825 gerentes
319 3742 352 3803 in
376 3745 495 3827 optima
523 3742 711 3808 condicione
733 3745 853 3806 versari
875 3741 1140 3807 existimabantur.
1182 3738 1260 3808 cili

152 3851 265 3931 XXIII,
285 3854 346 3917 103
363 3875 409 3938 sq.

241 3964 325 4048 Ergo
351 3986 388 4029 ex
410 3964 542 4030 Homeri
564 3963 718 4027 sententia
739 3974 940 4028 mortuorum
963 3963 1083 4025 animae
1108 3967 1181 4032 sine
1201 3960 1261 4029 ullo

152 4070 374 4155 impedimento
404 4086 435 4141 et
463 4073 710 4161 proficiscuntur
738 4073 938 4153 adoreum,
967 4074 1061 4187 etin
1025 4081 1261 4203 msocietateu

151 4182 326 4251 inferorum
347 4189 486 4252 veniunt
