2842 4898
679 363 729 434 59

310 547 342 609 οὐ
364 540 421 633 γάρ
442 570 486 607 πω
509 541 621 626 σχεδὸν
641 537 736 619 ἦλθον
754 540 898 627 Ἀχαΐδας
919 539 989 608 otti·
1003 571 1048 608 πω
1069 547 1143 623 ἁμῆς

311 657 367 729 ’γῆς
387 644 505 725 ἐπέβην,
526 649 590 712 ἀλλ’
612 640 671 712 αἰὲν
691 643 772 731 ἔχων
793 644 939 725 ἀλάλημαι
960 647 1045 726 ὅῖζύν.

147 773 359 861 pulcherrime
381 770 466 835 dicta
489 791 560 835 esse
582 769 773 857 intelligitur.
818 771 900 836 Nam
921 771 1045 837 Ulixem
1067 771 1186 839 multos
1208 793 1263 840 ana

150 907 209 950 nos
232 895 263 949 et
285 905 389 969 nsque
412 881 453 947 ad
475 882 600 947 ultimas
622 892 723 946 terras
742 893 947 970 pervagatum
968 905 1076 970 neque
1091 883 1133 953 ad
1151 888 1267 972 quem?

151 1019 254 1082 quam,
276 1017 295 1060 a
319 1017 385 1080 quo
410 993 450 1058 de
473 997 585 1058 itinere
607 997 775 1079 patriaque
789 994 968 1082 attingenda
981 994 1165 1077 edoceatur,
1187 1019 1264 1084 pro·

151 1109 277 1186 lectum,
301 1106 378 1192 quid
397 1109 495 1192 magis
511 1114 757 1170 consentaneum
773 1115 830 1186 est,
853 1128 948 1192 quam
963 1107 1003 1172 ad
1019 1117 1135 1172 tantam
1149 1107 1264 1194 despe-
1289 1196 1290 1199 Ἴ

152 1223 306 1284 rationem
328 1220 510 1304 pervenisse
531 1226 682 1302 tantaque
704 1215 810 1280 auxilii
832 1220 941 1303 inopia
957 1219 1169 1286 conflictatum
1184 1205 1280 1303 esse,

152 1339 195 1409 ut,
219 1353 290 1394 cum
312 1351 435 1395 summo
458 1331 578 1415 patriae
599 1332 772 1418 uxorisque
794 1328 953 1395 desiderio
976 1331 1136 1416 flagraret,
1159 1337 1265 1399 consi·
1301 1312 1308 1321 ’

151 1441 228 1506 lium
252 1451 381 1526 caperet
401 1443 435 1505 in
457 1439 579 1507 Orcum
601 1439 824 1522 descendendi,
847 1440 903 1506 ubi
923 1442 1077 1506 Tiresiam
1099 1440 1140 1506 de
1161 1443 1271 1510 reditu

152 1555 412 1638 percontaretur?

175 1683 182 1692 ’
244 1661 346 1748 Quod
374 1665 402 1728 si
423 1665 465 1728 ita
488 1673 551 1744 est,
582 1685 619 1731 ea
642 1685 725 1750 quae
748 1665 886 1729 Tiresias
909 1662 994 1745 dicit,
1017 1667 1168 1750 quoniam
1192 1687 1267 1731 can-

154 1797 220 1840 sam
242 1773 571 1851 traduntcalamitatis
586 1775 877 1863 periculorumque,
901 1774 1090 1862 qtiihumum
1100 1776 1186 1842 Ulixi
1201 1786 1268 1844 erat

155 1885 378 1968 dimicandum,
400 1887 494 1972 plane
518 1891 744 1973 exspectationi
766 1897 894 1954 nostrae
917 1888 1121 1954 satisfaciunt.
1165 1889 1266 1955 Ulixis

156 2001 249 2078 euim,
277 2001 328 2063 cui
351 1999 525 2084 Neptunus
549 2009 683 2084 propter
708 1999 810 2064 filium
836 1999 1044 2064 obcaecatum
1070 2003 1268 2081 irasceretur,

155 2109 344 2196 permultum
377 2112 527 2174 intererat
555 2107 597 2172 de
624 2108 688 2171 hoc
709 2096 864 2191 malorum
887 2119 1017 2173 auctore
1041 2112 1209 2174 certiorem
1231 2130 1267 2176 se

156 2221 234 2302 lieri,
257 2232 292 2287 ut
315 2243 334 2285 a
356 2219 450 2284 nova¹
464 2223 533 2307 ejus
548 2218 721 2286 violatione
744 2218 806 2285 sibi
823 2230 957 2286 caveret
1002 2219 1141 2285 Periculi
1154 2232 1269 2303 autem,

156 2332 244 2418 quod
267 2354 305 2398 ex
328 2331 435 2397 bobus
457 2334 490 2397 in
507 2333 653 2396 Trinacia
676 2329 778 2397 insula
800 2331 964 2397 trucidatis
987 2331 1073 2397 Ulixi
1094 2334 1269 2398 immineret

153 2447 305 2526 vitaeque
331 2443 459 2521 heatae,
486 2465 582 2527 quam
605 2441 721 2530 degere
746 2441 835 2507 illum
857 2440 1008 2507 reducem
1030 2451 1118 2506 vates
1141 2440 1268 2535 dixerat,

157 2553 450 2618 commemorationi
478 2563 628 2637 quantum
657 2553 860 2621 tribuendum
889 2555 930 2621 sit
957 2575 1054 2641 supra
1082 2553 1269 2643 explicatum

159 2673 208 2728 est
222 2660 231 2695 ¹
243 2659 255 2695 ³
266 2659 305 2745 ⁹).

246 2771 312 2838 Sed
335 2772 422 2837 aliud
436 2784 652 2860 argumentum
668 2775 914 2853 consideremus,
936 2772 1027 2857 quod
1040 2773 1169 2842 uncto
1183 2798 1272 2842 cont-

156 2886 293 2972 positam
316 2904 382 2947 non
406 2904 476 2946 esse
499 2885 532 2945 in
555 2890 733 2944 ceterorum
748 2878 919 2966 Odysseae
940 2880 1096 2945 librorum
1117 2887 1272 2970 conjunc-

157 3000 276 3062 tionem
303 2991 458 3072 ostendat.
503 2993 653 3077 Magnum
676 2993 759 3056 enim
780 2990 907 3056 videtur
932 2989 1100 3058 discrimen
1120 2996 1203 3059 iuter
1224 2998 1272 3060 in-

158 3109 252 3173 ferias
275 3107 485 3191 praescriptas
501 3126 519 3166 a
535 3101 631 3169 Circa
654 3113 685 3168 et
708 3102 883 3168 celebratas
899 3102 940 3168 ab
956 3102 1050 3168 Ulixe
1067 3104 1272 3171 intercedere.

160 3218 249 3305 Quid
272 3228 376 3281 autem
399 3198 600 3302 probabilius
624 3236 694 3278 esse
716 3224 832 3300 potest,
856 3234 952 3300 quarn
974 3217 1181 3279 caerimonias
1202 3214 1273 3281 illas

163 3353 199 3394 ac
219 3333 308 3409 ritus,
332 3349 414 3414 quae
436 3325 574 3392 tenenda
595 3329 627 3389 in
644 3324 734 3391 Orco
752 3336 847 3410 atque
867 3325 1067 3392 observanda
1081 3325 1166 3391 Ulixi
1182 3348 1273 3412 prae-

162 3445 278 3528 scripta
300 3450 397 3519 crant,
421 3461 492 3505 cum
514 3441 611 3526 magis
633 3437 757 3503 stabilia
780 3439 887 3519 luisse,
910 3440 1030 3526 quippe
1052 3460 1114 3503 usn
1135 3450 1274 3527 recepta,

162 3563 227 3619 tum
249 3551 341 3632 Ulixi,
365 3554 420 3636 qui
443 3551 575 3616 salntem
599 3559 631 3615 et
651 3549 786 3615 reditum
808 3549 949 3637 pendere
972 3573 1010 3616 ex
1032 3553 1069 3614 iis
1084 3559 1173 3614 recte
1189 3549 1273 3615 cole-

162 3663 291 3730 brandis
313 3663 451 3742 videret,
477 3664 637 3748 graviora,
661 3683 755 3745 quam
778 3660 938 3745 aquibus
960 3671 1173 3724 transversum
1196 3657 1274 3745 digi-

163 3785 228 3841 tum
258 3773 453 3840 discederet?
495 3772 610 3858 Neque
638 3770 722 3835 solet
755 3753 853 3855 poeta
879 3771 913 3834 in
945 3788 1010 3834 una
1036 3765 1212 3852 eademque
1239 3789 1276 3837 ro

166 3885 373 3953 describenda
394 3885 481 3950 varia
503 3885 551 3949 uti
571 3879 752 3949 narratione
764 3877 848 3964 ¹⁴⁰).

167 4049 367 4062 ῌ

241 4137 287 4167 m

241 4141 303 4304 ¹⁴⁰}
340 4157 376 4287 dl
387 4140 431 4286 1(ξί
443 4229 599 4296 Hermann,
614 4225 649 4282 de
667 4225 771 4282 iteratis
789 4223 864 4301 opud
883 4224 1046 4283 Homerum.
1068 4243 1097 4297 p.
1112 4222 1141 4280 6.
