2842 4898
579 329 726 409 tt·

96 529 99 535 '
136 517 300 588 Permulta
322 519 355 582 in
378 518 425 580 his
448 514 556 582 verbis
578 518 694 595 insunt,
721 536 803 601 quae
825 537 967 604 magnam
989 518 1085 585 nobis
1107 519 1166 587 dn·

47 637 253 709 hitationem,
275 651 351 694 num
374 650 520 715 germana
543 631 614 707 sint,
637 629 770 692 aflerant
786 625 869 712 ¹⁰⁸).
915 629 997 711 Nam
1020 653 1102 715 quae
1125 632 1166 697 de

47 749 160 836 procis
185 743 345 820 dicuntur,
365 740 460 824 plane
482 739 557 803 mihi
579 758 766 824 persuasum
790 749 838 803 est
853 761 890 804 ea
905 745 1024 808 seriore
1041 742 1167 809 demum

52 867 155 923 aetate
179 864 210 918 et
233 863 303 918 orta
326 872 395 915 esse
419 861 451 914 et
473 851 536 913 huc
558 851 683 914 inlersa.
725 852 869 915 'Tiresiae
892 855 974 917 enim
990 853 1088 920 verba
1111 859 1167 940 qui

55 978 201 1035 accurate
224 963 479 1039 consideraverit,
501 961 607 1024 facere
629 982 696 1025 non
718 965 845 1046 poterit,
870 967 946 1048 quin
969 968 1015 1029 sic
1037 989 1074 1030 ea
1090 988 1167 1031 con-

54 1082 188 1146 tornata
211 1080 376 1153 existimet,
399 1083 435 1138 ut
456 1072 538 1135 mala
562 1094 707 1157 quoque,
732 1095 814 1156 quae
837 1072 924 1139 domi
945 1077 1053 1141 Ulixes
1075 1098 1167 1161 repe-

54 1193 118 1258 rire
140 1189 271 1268 dicatur,
297 1208 335 1252 ex
356 1185 442 1250 Solis
465 1186 562 1247 tauris
584 1182 742 1245 ininsula
764 1184 910 1248 Trinacia
933 1190 1073 1250 mactatis
1095 1198 1169 1251 nata

52 1302 239 1367 habeantur.
284 1297 321 1362 ld
346 1295 435 1382 quod
457 1298 599 1378 ineptum
622 1315 691 1357 esse
713 1314 819 1378 neque
842 1318 913 1359 cum
939 1296 1070 1362 historia
1091 1297 1168 1362 alias

51 1414 152 1479 relata
176 1411 372 1476 conveniens
394 1409 530 1492 quisque
551 1404 712 1488 intelliget.

146 1524 235 1586 Dein
258 1523 315 1604 qui
335 1517 406 1582 fieri
424 1519 537 1602 potuit,
561 1526 596 1579 ut
606 1515 724 1593 Ulixes,
747 1517 866 1600 quippe
882 1518 938 1600 qui
959 1519 1022 1604 jam
1037 1516 1078 1582 de
1093 1538 1170 1604 pro·

27 1719 29 1722 Ι
58 1636 111 1719 cis·
125 1633 215 1699 hona
244 1633 344 1716 ipsius
367 1629 578 1715 abligurituris
601 1608 859 1712 Penelopamque
885 1631 918 1691 in
940 1633 1170 1694 matrimonium

57 1745 118 1810 sibi
141 1715 294 1831 petituris⁸
310 1745 427 1807 certior
448 1742 551 1805 iactus
573 1751 665 1818 esset,
689 1762 725 1803 ex
747 1750 845 1805 matre
868 1753 1043 1826 quaereret,
1065 1752 1171 1806 utrum

59 1877 140 1922 uxor
162 1855 255 1920 alicui
277 1856 436 1938 nupsisset
458 1851 659 1917 Achaeorum
681 1856 801 1918 necne?

185 1970 244 2038 εἰπὲ
266 1972 296 2037 δέ
316 2003 360 2049 μοι
380 1982 504 2050 μνηστῆς
523 1968 640 2057 ἆλὲχου
660 1969 772 2049 βουλήν
792 2002 824 2037 τε
845 1969 906 2036 νέον
925 2003 957 2037 τε
1062 2056 1065 2062 λ

187 2073 218 2157 vj}
238 2076 310 2152 niun
330 2079 407 2166 παρὰ
428 2075 508 2141 παιδὶ
527 2074 575 2140 καὶ
596 2074 705 2150 ἔμπεδα
726 2074 821 2141 πάντα
842 2074 999 2160 φυλάσσει,

113 2177 129 2276 ἰ
189 2180 207 2260 ἢ
226 2177 279 2260 ἤδη
301 2211 346 2256 μιν
365 2179 469 2265 ἔγημεν
487 2184 618 2267 Ἀχαιῶν
639 2180 717 2248 ὅστις
737 2178 861 2272 adpre-rom
882 2211 910 2247 v.
925 2187 985 2248 177
999 2209 1062 2268 sqq.

61 2307 171 2373 Ulixes
195 2316 306 2384 autem,
331 2328 401 2401 curn
414 2327 432 2369 a
443 2306 586 2370 Minerva
601 2317 713 2392 postea
730 2305 769 2371 de
785 2310 891 2393 procis
908 2310 1024 2370 certior
1038 2305 1076 2368 fit
1088 2303 1096 2338 ¹
1109 2301 1173 2386 ⁰⁹),

59 2421 138 2487 nihil
160 2442 195 2485 se
219 2421 260 2485 de
286 2421 335 2483 his
358 2432 451 2483 antea
472 2418 629 2482 audivisse
651 2417 798 2484 ostendit.
843 2417 996 2481 Nitzschii
1018 2418 1099 2478 enim
1124 2435 1175 2476 ex-

63 2535 233 2597 cusatione
262 2537 357 2612 atque
384 2529 857 2618 interpretatione¹¹⁰),'quam
880 2527 1020 2617 probare
1035 2546 1173 2623 prorsus

71 2657 278 2670 n*—

143 2727 204 2799 ¹⁰⁸)
241 2727 276 2782 cl.
299 2727 413 2804 Kayser.
439 2729 512 2804 disp.
538 2730 573 2785 de
595 2729 700 2787 diversa
720 2734 860 2789 Homeric.
885 2733 1038 2786 carminum
1058 2729 1173 2800 origine.

63 2817 191 2874 lleidelb.
209 2825 290 2874 1835.
316 2838 344 2893 p.
362 2824 395 2873 10
411 2839 454 2894 sq.
484 2821 540 2875 Ad.
553 2821 703 2880 Hermann.
724 2825 759 2879 de
782 2822 925 2880 undecima
949 2820 1004 2876 Od.
1028 2817 1175 2891 rhapsodia

64 2911 271 2966 commentatio.
293 2908 419 2984 Gotting.
436 2915 517 2966 18³3.
533 2931 562 2986 p.
576 2917 605 2973 9.
620 2913 648 2969 6.

140 3005 203 3078 ¹⁰⁹)
241 3007 323 3071 Xlll,
337 3012 390 3062 383
404 3027 465 3083 sqq.

140 3103 204 3177 ¹¹⁰)
241 3101 430 3161 l.l.vol.11.
448 3125 476 3180 p.
494 3105 532 3160 lar
554 3107 623 3172 „Bet
642 3108 744 3162 seinem
764 3104 975 3163 Todtenbesuch
995 3105 1066 3159 wird
1085 3102 1177 3178 Odys·

68 3213 189 3250 seusvon
209 3195 272 3248 dem
286 3194 512 3250 Seher'leiresias
525 3195 609 3251 schon
624 3200 676 3252 auf
690 3199 734 3252 die
748 3199 837 3252 Freier
851 3199 878 3250 in
897 3198 998 3250 seinem
1011 3195 1102 3246 llaose
1116 3192 1178 3246 hin·

68 3286 209 3360 gewiesen.
249 3286 345 3340 Dieser
368 3286 579 3362 Prophezeiuug
602 3289 708 3344 scheint
732 3288 872 3363 Odysseus
897 3288 968 3352 llll,
987 3291 1040 3340 383
1057 3304 1080 3340 s.
1101 3281 1179 3339 nicht

68 3376 218 3452 eingedeuk
242 3395 277 3430 zu
300 3377 375 3442 sein,
399 3376 470 3431 doch
493 3377 529 3431 ist
552 3378 621 3434 diets
641 3381 743 3435 wieder
764 3382 825 3434 eine
848 3377 979 3454 giittliche
1004 3378 1179 3450 Erinnerung

69 3485 102 3521 en
123 3467 229 3532 Eluas,
250 3485 305 3522 was
324 3454 371 3521 dee
392 3466 500 3542 Klugen
520 3467 596 3523 Geist
615 3471 684 3526 auch
704 3471 787 3526 selbst
808 3469 950 3527 bedenlren
971 3470 1091 3533 konnte,
1112 3468 1179 3521 oder

69 3555 199 3611 rielrnchr
211 3559 272 3611 eine
287 3557 527 3630 Repraesentation
542 3558 636 3636 eigner
651 3561 781 3638 Klngheit
794 3563 880 3616 durch
896 3564 940 3616 die
953 3561 1061 3623 Giittin,
1077 3557 1179 3614 welche

67 3646 105 3700 eie
122 3646 247 3702 verleiht.
283 3647 404 3722 ,Endtich
424 3649 525 3704 mnsste
543 3670 573 3705 er·
591 3650 716 3704 erlahren
737 3652 798 3704 dass
816 3653 878 3722 jene
898 3650 1104 3721 Prophezeinng
1121 3645 1179 3700 ein?

69 3738 175 3792 trelie.''
193 3769 221 3781 -
240 3735 306 3794 Vol.
323 3739 376 3793 Ill.
393 3758 421 3812 p.
438 3738 491 3794 206
503 3759 544 3815 sq.
586 3738 677 3806 „Dass
696 3739 769 3793 diese
783 3738 995 3811 Ankiindigung
1013 3736 1063 3790 der
1078 3735 1178 3802 Freier,

71 3826 115 3880 die
131 3829 270 3905 odysseus
295 3829 324 3884 in
346 3830 449 3884 seinem
470 3830 561 3885 llause
586 3829 684 3883 tressen
704 3829 812 3892 werde,
836 3845 891 3880 von
914 3828 1016 3880 diesem
1040 3824 1180 3881 nachurals

68 3915 149 3982 XIII,
163 3924 217 3973 383
232 3918 264 3973 ll.
280 3937 421 3993 vergessen
440 3919 549 3974 scheine
568 3921 604 3975 ist
622 3920 667 3974 ein
687 3918 830 3992 rorcdiges
850 3916 969 3971 Urtheil.
1007 3917 1077 3971 Jene
1096 3936 1181 3990 gance

66 4002 227 4086 hemthuug
250 4009 302 4065 mit
321 4007 431 4064 Athene
453 4010 489 4064 ist
507 4029 562 4064 nur
579 4006 873 4083 Veramchaulichung
891 4008 942 4063 der
958 4007 1057 4084 eignen
1076 4009 1181 4064 Ueher-

67 4093 205 4176 legnngen
229 4100 277 4157 des
296 4118 351 4156 von
373 4100 450 4173 jener
468 4098 566 4156 Gottiu
585 4100 721 4177 geliehten
740 4099 768 4158 d.
783 4097 812 4157 h.
832 4098 920 4159 durch
938 4101 1012 4166 Vor·
1034 4102 1093 4161 und
1112 4103 1181 4161 Um·

67 4188 138 4248 nicht
155 4188 400 4269 nurgeccichneten
418 4187 554 4246 Helden.”
571 4222 599 4234 -
