2842 4898
693 331 718 402 8

150 516 208 602 qui
228 515 293 601 jam
314 535 398 581 uuus
419 511 572 599 loquatur
593 535 644 579 vv.
661 515 803 596 63-87,
827 524 859 580 et
880 537 911 582 v.
931 519 974 582 80
988 538 1034 604 sq.
1048 527 1077 584 et
1091 518 1134 599 V,
1154 517 1264 589 1-27

149 629 330 713 interpositi
353 624 526 689 habeantur
543 623 606 709 ¹²).
1298 656 1300 671 =

240 741 350 830 Atque.
376 735 455 798 haec
483 734 612 820 quidem
644 755 715 799 mea
749 735 788 801 de
816 737 1062 806 Homerieorum
1096 742 1266 805 carminum
1298 700 1300 781 l

152 851 273 934 origine
296 849 405 930 opinio
430 857 486 911 est.
530 847 703 933 Reliquum
727 858 788 929 est,
812 859 847 913 ut
869 854 980 935 paucis
1004 852 1082 937 quid
1107 852 1147 918 de
1170 856 1263 916 inter-

150 955 366 1044 polationibus
388 957 528 1042 judicem
551 979 714 1044 exponam.

240 1068 314 1129 Tria
348 1078 451 1130 autem
486 1073 767 1154 interpolationum
800 1075 833 1136 in
863 1073 1007 1136 Homero
1037 1085 1111 1137 sunt
1141 1095 1264 1160 genera,

150 1196 286 1263 quorum
316 1180 450 1259 primum
479 1179 511 1238 iu
540 1180 578 1238 iis
601 1179 747 1239 versibus
770 1191 925 1255 versatur,
953 1185 1008 1260 qui
1030 1179 1106 1243 licet
1128 1205 1266 1264 prorsus

149 1287 211 1352 sibi
232 1297 409 1374 repugnent
431 1295 549 1364 tamen,
573 1306 646 1348 eum
669 1283 845 1349 differentia
873 1288 971 1366 ipsam
994 1291 1185 1352 narrationis
1210 1315 1269 1356 na-

149 1408 252 1465 turam
276 1404 418 1487 propius,
441 1422 536 1484 quam
558 1401 610 1462 eui
631 1395 774 1461 versibus
798 1414 835 1456 ex
850 1395 991 1457 Homero
1015 1395 1177 1480 ejiciendis
1197 1421 1270 1461 me-

152 1510 219 1575 deri
235 1517 402 1596 possimus,
421 1514 557 1595 attingat,
573 1510 634 1571 alio
651 1505 748 1569 modo
765 1507 847 1569 inter
862 1528 896 1569 se
913 1506 1073 1571 conciliari
1088 1519 1266 1591 nequeunt,

152 1643 247 1706 quam
276 1625 301 1687 si
324 1644 434 1686 versus
462 1617 535 1684 illos
565 1617 604 1682 ad
631 1616 756 1681 diversa
785 1610 925 1681 carmina=
950 1597 1106 1703 pertinere
1130 1618 1265 1685 arbitra-

150 1752 237 1810 mur,
267 1755 348 1817 quae
377 1734 542 1815 separatim
570 1730 651 1793 faeta
680 1739 734 1793 aut
758 1712 965 1814 a'rhapsodis
989 1737 1042 1791 aut
1066 1727 1105 1791 ab
1129 1721 1183 1808 iis,
1210 1735 1263 1816 qui

149 1841 272 1923 singula
306 1842 474 1902 Homerica
511 1843 647 1903 carmina
683 1824 887 1924 colligebant,
926 1839 980 1933 adj
1000 1842 1097 1903 unum
1129 1819 1263 1927 aliquod

149 1969 265 2035 poema
295 1949 496 2014 efficiendum
523 1954 604 2016 inter
627 1974 661 2016 se
685 1931 967 2038 conjungebantur.
1014 1951 1108 2015 Tales
1132 1943 1259 2035 potissi-
1298 2018 1300 2025 ,

149 2083 236 2126 mum
263 2044 525 2150 interpolationes
546 2041 764 2129 Lachmannus
794 2072 826 2127 et
840 2065 1047 2127 Hermanuus
1075 2066 1258 2147 perscrutati

149 2182 231 2233 sunt.
279 2160 528 2257 Quasssapparet
555 2155 653 2240 Iliade
674 2174 898 2260 Odysseaque
925 2179 959 2239 in
981 2173 1103 2259 singula
1126 2175 1260 2237 earmina

150 2278 327 2348 dividendis
351 2283 510 2348 sublatum
531 2284 645 2370 iri¹³).
761 2316 764 2322 ·
915 2290 918 2293 ’
966 2269 968 2272 ’

240 2395 423 2462 Secundum
452 2419 551 2484 genus
580 2396 626 2466 est
648 2419 798 2462 versuum
821 2419 946 2476 eorum,
970 2400 1113 2481 quitum
1137 2396 1262 2460 demum

151 2499 353 2584 oriebantur,
370 2530 440 2570 cum
465 2519 497 2572 et
519 2513 656 2574 carmina
678 2509 838 2573 condendi
854 2520 885 2573 et
907 2508 1030 2573 fabulas
1053 2508 1194 2593 fingendi
1216 2510 1259 2572 la-

151 2613 251 2678 cultas
281 2613 484 2678 vehementer
517 2627 600 2679 esset
633 2616 803 2708 debilitata.
856 2619 915 2681 His
950 2621 1030 2680 enim
1065 2619 1260 2701 temporibus

149 2725 315 2811 rhapsodi‚
350 2728 406 2809 qui
436 2727 498 2812 jam
533 2738 698 2810 poetarum
727 2749 858 2792 munere
891 2726 1117 2814 fungebantur,
1152 2752 1260 2794 versus

152 2836 387 2926 componebant
410 2846 441 2928 et
463 2842 615 2926 genuinis*
628 2840 857 2905 interserebant
879 2840 966 2919 tales,
991 2840 1101 2924 quales
1124 2844 1150 2903 si
1171 2865 1261 2906 accu-

149 2959 218 3039 rate
241 2945 434 3034 perspexeris
454 2948 532 3013 ferri
553 2969 619 3013 non
642 2951 924 3037 posse‘intelliges.
956 2953 1092 3015 Maxime
1106 2973 1185 3016 vero
1204 2955 1261 3016 hoc

150 3061 194 3124 ita
216 3060 333 3150 lactum
361 3069 421 3139 est,
448 3071 484 3148 ut
514 3060 681 3147 rhapsodi‚
711 3065 767 3146 qui
789 3063 907 3126 nullam
935 3059 1088 3125 haberent
1110 3068 1261 3127 rationem

152 3192 276 3252 causae,
300 3194 357 3236 eur
383 3169 492 3236 fabula
513 3171 576 3236 hoc
598 3182 630 3237 et
652 3194 719 3237 non
742 3173 804 3239 alio
828 3172 926 3239 modo
942 3174 1074 3238 formata
1091 3186 1183 3252 esset,
1210 3195 1263 3238 cur

149 3279 247 3374 poeta
273 3282 335 3344 hoc
359 3293 553 3362 enarrasset,
581 3284 660 3348 illud
689 3290 898 3368 praeterisset,
926 3285 967 3361 id,
992 3283 1081 3364 quod
1103 3286 1263 3350 Homerus

149 3410 217 3454 non
239 3393 299 3454 nisi
327 3391 609 3481 brevibus‘verbis
636 3391 763 3458 dixisset
784 3395 979 3477 strictimque
999 3391 1159 3475 attigisset,
1183 3391 1263 3460 ube-

78 3564 82 3572 .
150 3504 215 3567 r'ius
240 3525 277 3566 ae
299 3502 399 3570 lusius
423 3503 682 3591 enarrareut¹⁶).

229 3681 273 3755 ¹²)
310 3681 378 3738 Tale
401 3683 469 3758 quid
492 3685 549 3759 jam
568 3685 690 3761 Kaysero
713 3681 768 3739 l.1.
795 3686 878 3756 p.11
904 3680 933 3736 in
958 3688 1079 3734 mentem
1099 3677 1205 3734 venisse
1224 3680 1260 3736 ri·

152 3770 213 3828 deo.
233 3773 362 3849 -Quod
382 3775 546 3830 vocabulum
569 3780 612 3846 pb
630 3776 665 3844 (1.
688 3769 734 3844 Sl)
760 3769 868 3826 nullum
893 3773 917 3825 dt
936 3771 1077 3844 sequitur,
1103 3768 1130 3823 id
1156 3772 1259 3843 saepius

152 3864 226 3934 apud
250 3864 403 3918 Homerum
429 3864 490 3920 fieri
513 3875 629 3920 constat.
655 3862 692 3916 cf.
718 3858 774 3918 Od.
794 3861 820 3930 1,
841 3865 885 3922 78.
906 3859 940 3918 Il.
963 3861 1001 3930 V,
1021 3866 1086 3923 901.
1108 3860 1176 3928 Vll,
1197 3864 1255 3918 357.

152 3947 194 4004 De
213 3961 273 4006 toto
292 3953 354 4009 loco
373 3954 439 4009 alibi
459 3956 545 4012 fusius
563 3952 702 4010 disseram.

228 4038 272 4109 ¹³)
309 4043 510 4115 cs.Cap.1V.

134 4191 136 4195 ¹
228 4127 271 4198 ¹⁴)
308 4129 344 4184 cf.
366 4130 457 4204 Heyu.
484 4133 518 4190 11.
543 4135 625 4191 Tem.
644 4132 712 4198 vn.
737 4153 767 4209 p.
792 4128 858 4196 1187.
896 4133 962 4190 Huc
984 4132 1105 4209 pertinet
1128 4129 1206 4190 loeus
1229 4130 1260 4188 de

65 4273 68 4278 .
152 4216 297 4298 Elpenore.
318 4217 355 4278 ci.
375 4218 458 4276 iufra.
