2842 4898
679 296 727 368 lt)

238 483 414 568 Suscepta'e
440 482 588 546 materiae
618 479 698 546 ordo
725 482 789 568 jam
817 498 867 545 me
897 478 938 544 ad
965 478 1064 560 aliud,
1093 476 1183 563 quod
1205 500 1265 564 pro

150 594 290 659 Hercule
321 596 434 658 ailerre
462 595 594 671 institui,
629 603 844 679 argumentum
873 591 1009 656 adducit
1054 593 1153 655 Recte
1182 594 1266 655 enim

151 705 329 770 Nitzschius
352 704 478 768 videtur
501 702 710 783 contendisse,
733 705 865 768 Homeri
887 703 1048 767 auditores
1071 706 1103 767 in
1126 723 1192 766 eam
1209 723 1265 764 ne-

153 820 291 881 cessario
314 819 438 880 venisse
462 819 655 894 sententiam,
679 806 714 879 ut
728 816 861 895 Ulixem,
885 837 980 900 quem
1003 815 1043 878 ad
1058 815 1176 878 inleros
1193 832 1266 897 pro·

152 927 271 993 lectum
294 949 364 990 esse
387 924 533 990 audirent
556 937 651 1012 atque
675 920 746 991 curn
768 928 875 992 multis
897 927 943 991 ibi
966 937 996 990 et
1010 912 1179 990 leminiset
1194 925 1266 987 viris

154 1039 364 1116 collocutum,
395 1059 451 1101 eos
480 1031 627 1124 quoque,
658 1030 741 1124 quos
765 1042 868 1103 animo
893 1037 1178 1124 complecterentur
1200 1035 1268 1118 qui·

155 1170 218 1234 que
245 1152 278 1212 in
308 1150 429 1213 Orcum
457 1151 520 1234 jam
549 1149 798 1225 descendissent,
826 1150 872 1210 ibi
900 1149 1016 1210 vidisse
1044 1139 1268 1218 existimarent;

150 1282 219 1345 ,qua
247 1263 280 1324 in
305 1281 340 1323 re
371 1259 571 1324 auditoribus
597 1255 762 1322 verisimile
797 1275 866 1342 esse
894 1274 1047 1335 personas
1075 1255 1270 1318 carminibus

154 1375 287 1436 maxime
315 1371 490 1436 celebratas
517 1372 665 1456 imprimis
693 1369 726 1430 in
753 1371 885 1426 mentem
913 1362 1037 1422 venisse
1052 1357 1115 1441 ⁸⁶).
1163 1361 1272 1446 Quod

156 1504 252 1567 quam
279 1496 365 1549 recte
388 1487 436 1546 vir
461 1482 515 1547 ille
544 1480 740 1543 doctissimus
761 1468 957 1554 significarit,
980 1474 1136 1534 neminem
1159 1483 1270 1555 potest

157 1594 307 1682 elingere.
352 1596 449 1678 Atqui
476 1612 546 1654 cum
561 1581 722 1650 'Hercules
748 1592 824 1645 tuuc
851 1583 884 1644 in
907 1581 998 1646 Orco
1020 1585 1140 1645 versari
1163 1587 1268 1647 existi-

156 1718 296 1772 maretur
329 1707 382 1787 (el.
404 1728 434 1789 p.
451 1702 492 1765 36
513 1703 576 1782 sq.)
605 1705 636 1758 et
663 1691 824 1777 permultis
853 1704 936 1758 esset
964 1693 1153 1757 carminibus
1184 1693 1266 1759 cele-

156 1814 267 1881 bratus
289 1817 341 1894 (ct.
357 1836 387 1896 p.
403 1814 483 1890 39.):
508 1803 584 1888 quid
606 1802 730 1866 tandem
754 1803 954 1888 probabilius
977 1815 1037 1883 est,
1061 1826 1155 1889 quam
1179 1805 1266 1869 audi-

156 1936 255 2002 tores,
278 1923 383 1986 Ulixes
412 1939 451 1980 an
473 1913 643 1977 Herculem
666 1935 799 1999 quoque
822 1903 953 1979 heroum
977 1920 1115 1980 omnium
1137 1916 1265 1980 vidisset

157 2057 322 2114 summum,
339 2028 563 2112 interrogasse?
592 2025 698 2109 Quam
716 2029 992 2113 interrogationem
1009 2028 1069 2090 illis
1087 2031 1120 2090 in
1131 2038 1261 2090 mentem

155 2132 288 2222 venisse,
311 2146 338 2207 si
355 2161 471 2215 eorum,
495 2157 577 2220 quae
589 2138 698 2222 paullo
712 2149 783 2202 ante
799 2139 1035 2224 disputavimus,
1046 2142 1199 2202 rationem
1208 2137 1265 2198 ba-

154 2251 272 2331 bueris,
286 2251 386 2314 multo
402 2252 494 2312 etiarn
516 2252 614 2335 magis
628 2249 796 2313 verisimile
819 2249 875 2312 tibi
891 2249 1060 2312 videbitur.
1093 2249 1207 2331 Itaque
1217 2250 1266 2312 vix

158 2385 241 2451 opus
264 2345 347 2429 esset
367 2358 444 2425 illud
466 2361 571 2424 aiterri
589 2370 812 2446 argumentum,
829 2380 894 2445 quo
907 2359 1077 2423 Herculem
1093 2357 1190 2422 nobis
1207 2362 1266 2444 jam

157 2488 248 2539 antea
269 2479 302 2537 in
324 2474 505 2537 memoriam
521 2471 691 2536 reductum
708 2493 778 2535 esse
796 2481 953 2555 appareat,
972 2470 1088 2535 iabulis
1105 2469 1181 2534 dico
1200 2470 1264 2550 illis,

157 2605 239 2671 quae
262 2604 356 2665 quam
377 2585 547 2646 arctissime
567 2605 637 2646 cum
659 2574 727 2667 ejus
745 2585 872 2645 nomine
890 2583 1086 2646 cohaereant.
1123 2582 1265 2666 Quarum

154 2715 221 2758 non
243 2703 317 2756 sunt
340 2714 377 2757 ea
400 2694 519 2772 solum,
548 2716 630 2779 quae
653 2693 693 2756 de
716 2692 890 2758 Alcumena
913 2696 957 2772 (v.
974 2694 1038 2756 266
1055 2700 1142 2778 sqq.)
1166 2694 1264 2778 deque

153 2804 282 2888 Megara
305 2807 349 2886 (v.
366 2807 431 2869 269
447 2809 531 2889 sqq.)
555 2816 729 2883 narrantur,
751 2826 861 2868 verum
873 2804 994 2868 Neleus
1018 2808 1111 2868 etiam
1135 2808 1265 2891 ejusque

153 2912 213 2977 filii
236 2918 354 2995 (v.25!1
369 2938 438 3000 sqq.
457 2921 517 2978 281
534 2921 628 3000 sqq),
651 2915 841 3000 quibuscum
864 2915 1020 2980 Hercules
1042 2939 1200 3002 pugnasse
1222 2914 1264 2981 ‹li-

156 3022 369 3111 cebatur⁸⁷),
392 3012 497 3089 lacere
519 3046 585 3088 non
608 3025 751 3110 possunt,
778 3030 855 3112 quin
877 3028 971 3113 hujus
993 3030 1053 3090 viri
1076 3027 1152 3094 dent
1174 3029 1263 3094 nobis

155 3138 406 3202 excellentissimi
433 3135 692 3201 recordationem.
723 3134 844 3223 'Atque
867 3149 933 3203 tota
955 3139 1042 3218 libri,
1068 3139 1107 3204 de
1131 3164 1198 3225 quo
1222 3140 1265 3205 di·

74 3323 81 3334 ·
156 3253 269 3326 cimus,
296 3252 423 3332 materia
453 3252 485 3311 in
523 3248 619 3312 rebus
646 3248 826 3334 fabulisque
862 3261 893 3314 et
922 3252 1207 3315 Orchomeniorum
1238 3260 1266 3315 et

156 3354 382 3447 Thebanorum
403 3355 623 3440 versatur⁸⁸),
645 3362 688 3421 ita
714 3369 749 3423 ut
774 3360 929 3441 universa,
953 3385 1034 3448 quae
1058 3363 1266 3439 antecesserit,

156 3464 354 3559 enarratione
388 3468 535 3531 Herculis
565 3472 681 3555 imago,
715 3474 771 3556 qui
805 3482 888 3536 esset
916 3474 1140 3539 Thebanorum
1173 3471 1264 3557 longe

156 3579 393 3657 celeberrimus,
420 3582 453 3642 in
480 3582 582 3643 animo
606 3591 716 3645 nostro
739 3585 780 3645 sit
800 3586 926 3667 penitus
947 3587 1107 3671 impressa.
1150 3585 1263 3648 Nonne

154 3712 232 3756 vero
256 3701 384 3777 poetam
397 3689 398 3692 ’
411 3713 481 3756 sese
509 3695 680 3779 pessimum
702 3696 831 3778 Nasutus
858 3707 971 3763 auctor
999 3694 1215 3783 praebuisset,
1241 3695 1263 3758 si
1302 3782 1304 3795 Ι

159 3852 363 3868 *-

61 3969 65 3978 .
161 3973 163 3978 .
232 3935 276 4006 86)
313 3935 332 3992 l.
348 3935 369 3992 l.
384 3934 450 3995 Vol.
464 3937 516 3992 111.
532 3956 561 4014 p.
578 3942 641 3995 228.

163 4068 177 4081 ..
197 4062 210 4067 ··
232 4027 276 4099 ⁸⁷)
313 4029 349 4084 cl'.
365 4042 424 4086 not.
441 4036 503 4092 198.

233 4119 277 4193 ⁸⁸)
314 4119 349 4177 cl.
364 4122 436 4179 infra
450 4122 519 4200 Cap.
534 4125 573 4187 V.
