2842 4898
658 283 709 359 -16

122 476 206 543 uiam
229 493 277 554 ea,
300 492 384 559 quae
405 475 478 535 sunt
499 468 614 547 matris,
638 465 925 555 delerinequeuut,
949 474 1238 560 epravo'imitandi

123 588 230 651 studio
254 596 325 649 orta
347 604 416 647 esse
438 581 664 645 existimemus?
817 647 819 653 ,

212 700 283 761 Jam
307 692 347 757 ad
370 714 407 756 ea
429 712 490 755 nos
513 701 749 773 convertamus,
777 715 859 780 quae
882 697 915 760 in
937 698 1146 783 sequentibus
1167 721 1235 765 ver·

122 810 211 874 sibus
235 814 343 870 contra
367 823 565 867 communem
588 804 720 870 Homeri
742 828 834 870 usmn
858 806 941 873 dicta
961 809 1140 876 videantur.
1173 811 1237 876 Ne·

78 925 188 1005 sque
209 936 286 981 vero
309 918 543 999 appositionem
567 915 599 981 οὐ
616 912 777 1002 παρεόντων
800 920 844 1000 (v.
858 921 914 1003 66)
931 917 1012 1000 dico,
1033 943 1127 1006 quae,
1140 921 1237 987 verba

120 1032 177 1096 τῶν
198 1021 290 1092 imici
313 1026 483 1112 explicans,
504 1027 637 1092 mirifice
659 1029 801 1117 languet3
828 1052 934 1117 neque
955 1031 1146 1117 singularem
1169 1055 1237 1124 ver,-

120 1137 235 1204 borum
261 1133 293 1202 ἳν
315 1138 421 1218 μοῦνον
450 1133 487 1199 ivl
509 1135 683 1218 μεγάροισιν
710 1138 823 1208 ἔλειπες
847 1143 896 1217 (v.
921 1143 984 1220 68)
1014 1164 1121 1221 usum,
1155 1165 1237 1230 quae

119 1272 196 1317 num
219 1251 342 1335 possint
369 1243 560 1332 significare:
591 1262 685 1326 quem
708 1246 835 1304 unicum
858 1244 960 1305 filium
981 1248 1153 1328 reliquisti,
1177 1255 1239 1318 lilii

120 1364 252 1427 ¹notione
275 1383 341 1425 nou
363 1351 616 1444 antegressa²⁶),
638 1352 730 1417 valde
751 1348 877 1426 dubito;
900 1371 1005 1436 neque
1020 1362 1238 1439 praepositio-

121 1497 194 1540 nem
225 1484 297 1539 ante
327 1472 382 1537 τῶν
410 1463 503 1537 ’ὄπιθεν
531 1470 576 1548 (v.
597 1468 653 1549 66)
685 1466 829 1527 omissam
843 1458 912 1547 ²⁷):
943 1468 1129 1532 sententiam
1144 1464 1237 1535 ‘dico

121 1609 233 1652 versus
256 1584 475 1670 septuagesimi
492 1579 588 1643 tertii:

246 1693 283 1770 μή
304 1696 331 1766 μ’
353 1689 524 1760 ἄκλαυστον,
545 1685 690 1756 ἄθαπτον,
710 1682 756 1746 icio
777 1678 881 1750 ὄπιθεν
901 1684 1080 1750 καταλείπειν

246 1793 427 1870 νοσφιτθεῖς,
449 1790 488 1864 μή
507 1788 552 1853 voi
568 1817 593 1850 τι
614 1790 694 1850 θεῶν
714 1787 816 1866 μήνιμα
837 1788 959 1874 ‘plescum
971 1793 1031 1875 ²⁸).

121 1941 214 2006 quam
237 1918 359 1981 unicam
383 1909 467 1998 apud
489 1912 663 2005 Homerum
687 1933 757 1978 esse
784 1914 935 1993 arbitror,
964 1937 1026 2000 qua
1055 1913 1112 1994 dii,
1143 1917 1230 2001 quod

118 2032 319 2096 mortuorum
336 2030 485 2112 'corpora
512 2043 578 2085 non
609 2024 803 2109 sepeliverit,
833 2024 928 2091 alicui
957 2029 1050 2091 irasci
1078 2026 1226 2093 dicantur.

117 2143 214 2224 Quae
241 2147 300 2217 ira,
335 2144 523 2222 quamquam
551 2156 646 2199 causa
679 2139 749 2223 ejus
777 2136 884 2222 aliqua
916 2149 1023 2223 potest
1055 2140 1228 2225 excogitari,

118 2253 260 2324 Homero
283 2266 348 2310 non
372 2256 419 2307 est
440 2257 525 2325 nota,
548 2269 654 2332 neque
677 2257 817 2331 unquam
839 2252 898 2312 nisi
921 2251 983 2314 hoc
1001 2251 1076 2315 loco
1094 2271 1229 2317 comme-

65 2429 68 2434 ,
118 2367 266 2427 moratur.
295 2354 402 2418 ·Na1'n
431 2356 616 2442 ubicunque
646 2358 685 2423 de
715 2361 764 2423 his
793 2357 892 2423 rebus
908 2359 1020 2426 ,verba
1047 2360 1146 2439 fiunt,
1178 2361 1230 2426 ali·

118 2494 211 2557 quem
237 2468 428 2554 insepultum
457 2470 602 2544 relictum
631 2491 700 2535 esse
729 2469 772 2535 ‹lii
800 2492 840 2535 ne
869 2474 994 2535 minime
1023 2470 1152 2556 quidem
1177 2496 1230 2537 cu-

115 2591 192 2646 rant.
239 2578 339 2664 Quod
363 2583 389 2643 si
412 2582 535 2657 fuisset,
564 2601 658 2665 grave
686 2602 762 2643 sane
790 2582 949 2659 tulissent,
978 2583 1068 2666 quod
1091 2584 1228 2649 Achilles

99 2702 164 2755 ‘tot
192 2690 331 2758 dedisset
359 2693 520 2776 Trojanos
550 2689 662 2755 avibus
691 2689 887 2775 canibusque
916 2690 1130 2759 devorandos.
1177 2699 1229 2763 Est

114 2807 197 2869 enim
227 2829 245 2870 a
272 2816 383 2870 nostro
414 2803 488 2868 loco
515 2802 612 2887 longe
635 2801 758 2866 diversa
782 2804 851 2889 ejus
873 2814 994 2883 natura,
1018 2827 1114 2890 quem
1136 2807 1227 2874 nohis

114 2914 230 2999 aliquis
253 2919 409 3002 objecerit
431 2937 468 2978 ex
490 2913 523 2978 ll.
547 2913 646 2990 XXII,
668 2915 733 2977 358
758 2935 842 2998 sqq.:

104 3056 119 3086 ἱ
280 3033 387 3122 φράζεο
410 3042 468 3106 νῦν,
488 3031 525 3110 μή
546 3063 587 3097 τοι
609 3063 634 3096 τι
655 3036 734 3096 θεῶν
754 3033 858 3110 μήνιμα
878 3031 1001 3117 γένωμαι

280 3134 364 3216 ἤματι
386 3147 436 3221 τῷ,
457 3138 502 3202 ὅτε
523 3134 569 3202 xiv
591 3168 624 3202 σε
645 3136 733 3228 Πάρις
751 3136 799 3203 urci
821 3139 927 3210 Φοῖβος
946 3138 1095 3208 Ἀπινλλννν

280 3240 389 3306 ἐσὲλόν
410 3243 476 3306 ἐόντ’
499 3240 632 3308 inissem
653 3239 690 3306 ἐνὶ
711 3250 833 3328 Σκαιῇσι
854 3243 985 3330 eclipsin.

129 3367 132 3373 '
204 3367 278 3430 Hoc
307 3368 388 3428 enim
419 3364 493 3439 loco
517 3363 650 3430 deorum
677 3369 723 3430 ira
751 3388 818 3432 non
844 3368 918 3433 inde
940 3368 1112 3444 derivatur,
1137 3369 1231 3451 quoti

112 3475 253 3544 Achilles
280 3476 417 3540 noluerit
445 3477 614 3541 Hectorem
648 3478 798 3564 sepelire,
831 3480 890 3546 sed
917 3477 1005 3566 quod
1032 3483 1134 3542 virum
1171 3482 1228 3549 diis

112 3591 308 3655 carissimum
341 3589 543 3671 interfecerit,
575 3601 607 3654 et
636 3589 764 3680 indigna
796 3595 867 3680 ejus
898 3612 1016 3678 corpus
1046 3593 1166 3677 injuria
1195 3614 1227 3660 se

190 3820 235 3893 ²⁶)
272 3822 307 3878 ci.
329 3820 385 3879 od.
406 3821 487 3888 XVI,
509 3828 559 3877 118
579 3797 640 3896 sqq·

189 3930 234 4000 17)
249 3937 252 3945 ·
271 3931 308 3986 ιι.
329 3917 452 3988 istiuas.
466 3929 488 4004 r.
503 3930 522 3985 1.
538 3928 604 3989 vor.
620 3928 643 3982 1.
659 3946 688 4001 r·
705 3927 750 3988 ⁷⁷·
809 3987 812 3992 a

189 4034 234 4107 ²⁸)
272 4038 307 4091 ct.
328 4037 362 4093 ll.
376 4040 473 4106 XXII,
493 4044 555 4095 358.
580 4035 654 4092 unde
670 4024 765 4094 semus
783 4035 871 4096 nostri
892 4034 953 4092 sine
971 4001 1060 4120 dubio
1077 4039 1133 4096 orti
1152 4049 1224 4098 sunt.

113 4124 149 4185 ei.
166 4123 289 4184 Nitzsch.
304 4125 323 4182 l.
339 4125 358 4184 l.
373 4127 440 4191 Vol.
456 4129 507 4184 111.
523 4149 552 4206 p.
569 4133 620 4184 201
635 4143 697 4202 sqq.
