2842 4898
694 329 742 402 58

154 519 260 578 autem
288 513 432 578 carminis
461 511 563 578 forma
585 510 757 578 difficultas
780 514 862 578 inest
886 533 923 578 ac
945 510 1165 598 discrepantia,
1188 534 1270 599 quae

153 624 269 689 librum
292 622 493 689 undecimum
516 645 583 689 non
606 622 646 689 ab
670 646 710 689 eo
734 634 881 705 auctore,
908 627 967 709 qui
989 624 1107 689 librum
1128 633 1159 689 et
1181 634 1267 689 ante-

155 734 318 801 cedentem
341 745 373 800 et
395 734 642 821 subsequentem
666 738 889 821 composuerit,
915 736 1095 821 profectum
1118 757 1186 800 esse
1212 735 1266 799 de-

153 856 337 912 monstrent.
382 845 488 934 Cujus
519 846 713 912 difficultatis
736 870 775 912 ac
797 846 1029 932 discrepantiae
1059 857 1182 934 partem
1204 865 1271 910 non

153 958 271 1025 habent
291 956 391 1024 verba
413 958 514 1024 Ulixis
537 958 606 1041 (XI,
625 956 686 1023 164
704 962 782 1044 sq.):

319 1108 403 1186 μῆτερ
424 1097 487 1176 insi,
507 1102 599 1187 χρειώ
617 1128 652 1175 με
672 1097 843 1183 κατήγαγεν
863 1105 902 1169 εἷς
920 1098 1021 1166 Ἀίδαο

315 1196 414 1286 ψυχῇ
434 1198 611 1291 χρησόμενον
632 1199 764 1277 Θηβαίου
785 1202 939 1291 Τειρεσίαο.

154 1366 292 1433 quorum
314 1343 409 1431 longe
432 1344 493 1409 alia
516 1347 557 1408 sit
578 1347 669 1410 ratio.

240 1457 367 1522 Etenim
391 1454 604 1520 consideranti
626 1455 710 1536 mihi,
733 1457 790 1540 qui
811 1454 882 1521 tolli
900 1457 1106 1541 repugnantia
1121 1454 1176 1520 illa
1190 1479 1271 1546 pos-

153 1571 209 1648 sit,
232 1567 314 1635 liber
337 1565 545 1632 duodecimus
570 1589 642 1630 cum
664 1566 749 1631 libro
773 1565 896 1631 decimo
921 1574 1068 1631 accurate
1091 1566 1264 1634 cohaerere

152 1682 240 1744 visus
269 1689 326 1745 est.
370 1680 452 1744 Nam
473 1688 573 1744 totam
596 1677 637 1744 de
660 1676 760 1759 Circa
778 1679 1005 1756 narrationem,
1029 1676 1156 1763 qualem
1179 1700 1264 1744 nunc

153 1789 320 1870 habemus,
348 1794 391 1854 ita
414 1792 569 1875 principio
594 1789 820 1854 conformatam
842 1788 940 1854 fuisse
963 1787 1113 1870 arbitror,
1143 1800 1179 1854 ut
1200 1789 1267 1856 Uli-

153 1922 223 1965 xem
250 1923 290 1966 eo
320 1903 391 1987 ipso
419 1910 577 1986 ternpore,
608 1920 674 1985 quo
697 1898 908 1964 dimissionem
932 1922 951 1964 a
974 1898 1070 1966 Circa
1093 1910 1265 1986 quaereret,

153 2009 194 2102 de
222 2011 327 2077 reditu
352 2011 581 2098 periculisque,
611 2033 694 2096 quae
722 2013 755 2075 in
784 2013 896 2076 itinere
925 2013 987 2098 ipsi
1013 2013 1224 2092 imminerent,
1246 2034 1264 2077 a

72 2128 79 2137 “
153 2121 213 2189 dea
236 2126 403 2189 certiorem
425 2123 543 2189 factum
566 2120 768 2189 describeret.
812 2124 935 2189 Etenim
956 2145 1028 2188 cum
1044 2108 1177 2210 singula,
1200 2126 1263 2210 qui-

151 2232 214 2299 bus
244 2233 345 2299 Ulixis
374 2233 483 2299 labula
513 2233 747 2315 celebrabatur,
779 2236 916 2299 carmina
944 2238 977 2299 in
1007 2256 1106 2299 unum
1137 2233 1263 2322 aliquod

152 2367 268 2433 poema
291 2345 472 2411 coalescere
495 2347 670 2432 inciperent
683 2340 766 2431 ¹³⁸),
788 2343 904 2409 librum
927 2343 1128 2411 undecimum
1149 2345 1261 2434 proba-

152 2455 219 2522 bile
242 2467 290 2523 est
312 2459 395 2521 inter
416 2455 534 2522 librum
556 2455 712 2521 decimum
734 2467 766 2522 et
789 2455 1012 2522 duodecimum
1034 2460 1176 2544 positum
1191 2479 1260 2534 esse,

152 2565 242 2651 quod
263 2566 370 2630 nullus
393 2565 473 2630 alius
496 2565 590 2654 locus
612 2567 686 2630 huic
709 2569 838 2633 carmini
860 2589 962 2654 aeque
984 2578 1077 2654 aptus
1098 2569 1259 2635 videretm.

152 2675 228 2761 Qua
257 2677 484 2764 conjunctione
512 2674 644 2743 diremta
673 2687 704 2741 et
732 2675 936 2744 difficultates
958 2679 1031 2744 illae
1054 2701 1176 2762 omnes,
1198 2682 1259 2768 qui-

150 2785 214 2853 bus
245 2787 324 2853 baec
353 2789 542 2854 narrationis
569 2787 672 2853 [orma
703 2787 846 2854 involuta
876 2800 940 2870 est,
975 2789 1207 2873 dissolvuntur,
1233 2800 1260 2855 et

150 2898 252 2965 Ulixis
273 2897 328 2964 illa
349 2898 463 2966 verba:

316 3028 400 3111 μῆτερ
421 3019 482 3098 ἐμή,
503 3016 619 3110 χρειώ
639 3049 674 3096 με
694 3018 864 3104 κατήγαγεν
885 3027 924 3089 εἷς
942 3019 1042 3087 Ἀίδαο

314 3121 413 3210 ψυχῇ
433 3121 609 3216 χρησόμενον
631 3122 761 3204 Θηβαίου
783 3123 936 3215 Τειρεσίαο.

153 3285 358 3297 Ἣ

228 3369 290 3444 ¹³⁸)
326 3370 411 3446 Quod
434 3370 553 3426 maxime
575 3369 678 3425 lactum
697 3370 807 3427 videtur
823 3370 933 3428 Solonis
955 3371 1003 3429 illo
1027 3374 1132 3442 edicto,
1154 3391 1210 3450 quo
1225 3374 1256 3429 sd

147 3457 257 3531 Ὀμίρον
282 3458 310 3534 ἐξ
331 3459 453 3522 ὑποβολῆς
476 3462 580 3532 γέγραφε
601 3456 777 3531 ῥοιψνδεῒοθον,
800 3460 843 3515 οἷον
868 3461 926 3517 ἶπον
945 3463 956 3516 l
974 3468 1064 3539 πρὸτος
1080 3463 1160 3542 ἔληξεν
1181 3462 1259 3520 ἐκεῖθεν

149 3546 266 3622 ἄρχεσθαι
284 3549 321 3604 τὸν
338 3544 446 3621 ἑχίμενον
469 3548 565 3627 (Diog.
579 3550 672 3604 Laert.
687 3549 712 3616 Ι,
729 3549 789 3623 57).
828 3550 900 3608 Nam
924 3552 1072 3631 themodi,
1095 3556 1145 3632 qui
1167 3575 1259 3613 secum

149 3639 218 3697 dum
236 3658 329 3697 rernm
347 3648 483 3716 gestarum
498 3640 624 3699 ordinem
643 3637 671 3694 h.
686 3658 710 3695 e.
726 3650 839 3697 externa
857 3643 976 3718 quadam
993 3648 1192 3722 conjunctione
1206 3647 1258 3702 sin·

150 3731 228 3806 gulas
244 3742 274 3788 et
292 3730 386 3788 lliadis
404 3743 433 3788 et
445 3731 585 3807 Odysseae
600 3742 703 3806 partes,
722 3750 842 3807 quarum
853 3753 1033 3812 unaquaeque
1045 3737 1081 3793 ad
1094 3737 1166 3794 illud
1179 3754 1259 3812 usqne

150 3832 259 3898 tempus
285 3820 425 3898 singulare
451 3820 565 3899 aliquod
590 3839 701 3880 carmen
727 3822 925 3894 constituerat,
950 3828 1066 3885 recitare
1087 3839 1257 3906 cogerentur,

149 3912 232 3967 etiam
255 3913 401 3969 intestinae
425 3915 568 3988 utriusque
591 3911 721 3969 carminis
743 3904 934 3988 conjunctioni
953 3918 1077 3976 versibus
1095 3918 1204 3994 aliquot
1219 3919 1256 3975 in·

150 4001 292 4073 terpolatis
310 4003 439 4058 videntur
463 4001 641 4058 consuluisse.
662 4035 689 4046 -
711 4001 745 4059 ln
763 4004 853 4061 verbis
875 4017 967 4062 autem
991 4007 1019 4081 ἐξ
1037 4007 1162 4074 ὑποβολῆς
1179 4011 1255 4066 inter·

150 4089 290 4164 pretandis
300 4089 380 4161 plane
388 4093 522 4148 assentior
530 4093 708 4152 uoeckhiov.
721 4091 765 4151 Cl.
778 4094 814 4150 cl.
822 4097 845 4168 ej
851 4115 881 4151 us
894 4097 956 4151 lnd.
967 4095 1031 4152 lect.
1047 4098 1171 4158 Berolin.
1181 4094 1251 4158 tssl.

150 4178 237 4255 Corp.
252 4178 341 4234 lusor.
355 4179 421 4236 Vol.
438 4181 475 4236 11.
492 4200 520 4254 p.
536 4183 668 4242 bis-678.
689 4182 777 4238 Woll.
793 4183 920 4261 Prolegg.
935 4203 965 4260 p.
979 4183 1066 4246 cxl..
1082 4203 1144 4249 not.
1159 4188 1187 4248 l.
