<?xml version="1.0" encoding="UTF-8"?>
<!DOCTYPE html PUBLIC "-//W3C//DTD XHTML 1.0 Transitional//EN"
    "http://www.w3.org/TR/xhtml1/DTD/xhtml1-transitional.dtd">
<html xmlns="http://www.w3.org/1999/xhtml" xml:lang="en" lang="en">
 <head>
  <title>
</title>
<meta http-equiv="Content-Type" content="text/html;charset=utf-8" />
  <meta name='ocr-system' content='tesseract 3.04.00' />
  <meta name='ocr-capabilities' content='ocr_page ocr_carea ocr_par ocr_line ocrx_word'/>
</head>
<body>
  <div class='ocr_page' id='page_1' title='image "./quaestioneshome00lauegoog_0082.png"; bbox 0 0 2842 4898; ppageno 0'>
   <div class='ocr_carea' id='block_1_1' title="bbox 681 356 731 428">
    <p class='ocr_par' dir='ltr' id='par_1_1' title="bbox 681 356 731 428">
     <span class='ocr_line' id='line_1_1' title="bbox 681 356 731 428; baseline 0 0"><span class='ocrx_word' id='word_1_1' title='bbox 681 356 731 428; x_wconf 82' lang='lat'>59</span> 
     </span>
    </p>
   </div>
   <div class='ocr_carea' id='block_1_2' title="bbox 132 530 1309 3968">
    <p class='ocr_par' dir='ltr' id='par_1_2' title="bbox 311 530 1145 724">
     <span class='ocr_line' id='line_1_2' title="bbox 311 530 1145 626; baseline 0.005 -23"><span class='ocrx_word' id='word_1_2' title='bbox 311 541 344 603; x_wconf 80' lang='grc' dir='ltr'>ου’</span> <span class='ocrx_word' id='word_1_3' title='bbox 366 533 423 626; x_wconf 70' lang='grc' dir='ltr'>γάρ</span> <span class='ocrx_word' id='word_1_4' title='bbox 444 563 492 600; x_wconf 78' lang='grc' dir='ltr'>πω</span> <span class='ocrx_word' id='word_1_5' title='bbox 511 535 623 619; x_wconf 57' lang='grc' dir='ltr'><em>σχεδὸν</em></span> <span class='ocrx_word' id='word_1_6' title='bbox 644 530 738 612; x_wconf 66' lang='grc' dir='ltr'><em>ἦλθον</em></span> <span class='ocrx_word' id='word_1_7' title='bbox 757 533 909 620; x_wconf 49' lang='lat' dir='ltr'>&#39;rixfridus&#39;</span> <span class='ocrx_word' id='word_1_8' title='bbox 922 533 992 602; x_wconf 69' lang='lat' dir='ltr'>oill-</span> <span class='ocrx_word' id='word_1_9' title='bbox 1005 565 1051 603; x_wconf 78' lang='grc' dir='ltr'>πω</span> <span class='ocrx_word' id='word_1_10' title='bbox 1071 541 1145 617; x_wconf 68' lang='grc' dir='ltr'>ἁμῆς</span> 
     </span>
     <span class='ocr_line' id='line_1_3' title="bbox 312 633 1048 724; baseline -0.003 -16"><span class='ocrx_word' id='word_1_11' title='bbox 312 650 371 723; x_wconf 63' lang='grc' dir='ltr'>γῆς*</span> <span class='ocrx_word' id='word_1_12' title='bbox 389 637 507 719; x_wconf 64' lang='grc' dir='ltr'>ἐπέβην,</span> <span class='ocrx_word' id='word_1_13' title='bbox 528 641 593 705; x_wconf 69' lang='grc' dir='ltr'>ἀλλ’</span> <span class='ocrx_word' id='word_1_14' title='bbox 614 633 673 706; x_wconf 68' lang='grc' dir='ltr'>αἰὲν</span> <span class='ocrx_word' id='word_1_15' title='bbox 693 636 775 724; x_wconf 63' lang='grc' dir='ltr'>ἔχων</span> <span class='ocrx_word' id='word_1_16' title='bbox 795 638 941 718; x_wconf 60' lang='grc' dir='ltr'>ἀλάλημαι</span> <span class='ocrx_word' id='word_1_17' title='bbox 962 641 1048 720; x_wconf 73' lang='grc' dir='ltr'>ὄΐζύν.</span> 
     </span>
    </p>

    <p class='ocr_par' dir='ltr' id='par_1_3' title="bbox 132 761 1309 1634">
     <span class='ocr_line' id='line_1_4' title="bbox 146 761 1267 856; baseline 0.001 -23"><span class='ocrx_word' id='word_1_18' title='bbox 146 767 360 856; x_wconf 75' lang='lat' dir='ltr'>pulcherrime</span> <span class='ocrx_word' id='word_1_19' title='bbox 383 763 468 829; x_wconf 87' lang='lat' dir='ltr'>dicta</span> <span class='ocrx_word' id='word_1_20' title='bbox 491 784 562 829; x_wconf 88' lang='lat' dir='ltr'>esse</span> <span class='ocrx_word' id='word_1_21' title='bbox 583 761 775 850; x_wconf 78' lang='lat' dir='ltr'>intelligitur.</span> <span class='ocrx_word' id='word_1_22' title='bbox 820 765 902 829; x_wconf 85' lang='lat' dir='ltr'>Nam</span> <span class='ocrx_word' id='word_1_23' title='bbox 923 765 1047 830; x_wconf 81' lang='lat' dir='ltr'>Ulixem</span> <span class='ocrx_word' id='word_1_24' title='bbox 1069 766 1188 834; x_wconf 83' lang='lat' dir='ltr'>multos</span> <span class='ocrx_word' id='word_1_25' title='bbox 1210 788 1267 835; x_wconf 55' lang='lat' dir='ltr'>ana</span> 
     </span>
     <span class='ocr_line' id='line_1_5' title="bbox 151 875 1269 966; baseline -0.004 -21"><span class='ocrx_word' id='word_1_26' title='bbox 151 902 210 960; x_wconf 87' lang='lat' dir='ltr'>uos</span> <span class='ocrx_word' id='word_1_27' title='bbox 232 889 264 944; x_wconf 89' lang='lat' dir='ltr'>et</span> <span class='ocrx_word' id='word_1_28' title='bbox 286 898 390 963; x_wconf 88' lang='lat' dir='ltr'>usqne</span> <span class='ocrx_word' id='word_1_29' title='bbox 413 875 454 940; x_wconf 85' lang='lat' dir='ltr'>ad</span> <span class='ocrx_word' id='word_1_30' title='bbox 477 875 602 940; x_wconf 90' lang='lat' dir='ltr'>ultimas</span> <span class='ocrx_word' id='word_1_31' title='bbox 624 884 725 939; x_wconf 90' lang='lat' dir='ltr'>terras</span> <span class='ocrx_word' id='word_1_32' title='bbox 744 886 949 962; x_wconf 85' lang='lat' dir='ltr'>pervagatum</span> <span class='ocrx_word' id='word_1_33' title='bbox 971 898 1078 963; x_wconf 90' lang='lat' dir='ltr'>neque</span> <span class='ocrx_word' id='word_1_34' title='bbox 1093 878 1135 947; x_wconf 92' lang='lat' dir='ltr'>ad</span> <span class='ocrx_word' id='word_1_35' title='bbox 1154 883 1269 966; x_wconf 65' lang='lat' dir='ltr'>quem-⁸</span> 
     </span>
     <span class='ocr_line' id='line_1_6' title="bbox 153 986 1266 1078; baseline 0.001 -22"><span class='ocrx_word' id='word_1_36' title='bbox 153 1013 256 1077; x_wconf 71' lang='lat' dir='ltr'>quarm</span> <span class='ocrx_word' id='word_1_37' title='bbox 278 1011 297 1053; x_wconf 89' lang='lat' dir='ltr'>a</span> <span class='ocrx_word' id='word_1_38' title='bbox 320 986 452 1075; x_wconf 91' lang='lat' dir='ltr'>quode</span> <span class='ocrx_word' id='word_1_39' title='bbox 473 989 587 1052; x_wconf 89' lang='lat' dir='ltr'>itinere</span> <span class='ocrx_word' id='word_1_40' title='bbox 608 989 777 1071; x_wconf 87' lang='lat' dir='ltr'>patriaque</span> <span class='ocrx_word' id='word_1_41' title='bbox 791 986 970 1074; x_wconf 85' lang='lat' dir='ltr'>attingenda</span> <span class='ocrx_word' id='word_1_42' title='bbox 984 987 1167 1072; x_wconf 86' lang='lat' dir='ltr'>edoceatur,</span> <span class='ocrx_word' id='word_1_43' title='bbox 1188 1005 1266 1078; x_wconf 67' lang='lat' dir='ltr'>pro-‘</span> 
     </span>
     <span class='ocr_line' id='line_1_7' title="bbox 154 1099 1266 1189; baseline 0.001 -23"><span class='ocrx_word' id='word_1_44' title='bbox 154 1103 279 1181; x_wconf 82' lang='lat' dir='ltr'>fectum,</span> <span class='ocrx_word' id='word_1_45' title='bbox 302 1100 379 1187; x_wconf 91' lang='lat' dir='ltr'>quid</span> <span class='ocrx_word' id='word_1_46' title='bbox 398 1102 496 1186; x_wconf 82' lang='lat' dir='ltr'>magis</span> <span class='ocrx_word' id='word_1_47' title='bbox 512 1107 760 1162; x_wconf 89' lang='lat' dir='ltr'>cousentaneum</span> <span class='ocrx_word' id='word_1_48' title='bbox 776 1107 832 1178; x_wconf 87' lang='lat' dir='ltr'>est,</span> <span class='ocrx_word' id='word_1_49' title='bbox 855 1120 951 1185; x_wconf 82' lang='lat' dir='ltr'>quam</span> <span class='ocrx_word' id='word_1_50' title='bbox 965 1099 1007 1165; x_wconf 91' lang='lat' dir='ltr'>ad</span> <span class='ocrx_word' id='word_1_51' title='bbox 1021 1111 1137 1166; x_wconf 84' lang='lat' dir='ltr'>tantam</span> <span class='ocrx_word' id='word_1_52' title='bbox 1149 1101 1266 1189; x_wconf 88' lang='lat' dir='ltr'>despe-</span> 
     </span>
     <span class='ocr_line' id='line_1_8' title="bbox 132 1199 1267 1299; baseline 0.004 -21"><span class='ocrx_word' id='word_1_53' title='bbox 132 1222 134 1226; x_wconf 72' lang='lat'>‘</span> <span class='ocrx_word' id='word_1_54' title='bbox 154 1217 309 1279; x_wconf 88' lang='lat' dir='ltr'>rationem</span> <span class='ocrx_word' id='word_1_55' title='bbox 329 1213 511 1298; x_wconf 87' lang='lat' dir='ltr'>pervenisse</span> <span class='ocrx_word' id='word_1_56' title='bbox 533 1219 684 1295; x_wconf 81' lang='lat' dir='ltr'>tantaque</span> <span class='ocrx_word' id='word_1_57' title='bbox 707 1206 812 1272; x_wconf 82' lang='lat' dir='ltr'>auxilii</span> <span class='ocrx_word' id='word_1_58' title='bbox 835 1212 944 1295; x_wconf 92' lang='lat' dir='ltr'>inopia</span> <span class='ocrx_word' id='word_1_59' title='bbox 959 1213 1171 1280; x_wconf 84' lang='lat' dir='ltr'>conflictatum</span> <span class='ocrx_word' id='word_1_60' title='bbox 1187 1199 1267 1299; x_wconf 82' lang='lat' dir='ltr'>esse,</span> 
     </span>
     <span class='ocr_line' id='line_1_9' title="bbox 153 1307 1309 1410; baseline 0.003 -21"><span class='ocrx_word' id='word_1_61' title='bbox 153 1334 195 1404; x_wconf 88' lang='lat' dir='ltr'>ut,</span> <span class='ocrx_word' id='word_1_62' title='bbox 218 1347 291 1388; x_wconf 91' lang='lat' dir='ltr'>cum</span> <span class='ocrx_word' id='word_1_63' title='bbox 312 1344 436 1389; x_wconf 89' lang='lat' dir='ltr'>summo</span> <span class='ocrx_word' id='word_1_64' title='bbox 454 1323 581 1409; x_wconf 39' lang='lat' dir='ltr'>&lt;patriae</span> <span class='ocrx_word' id='word_1_65' title='bbox 601 1323 775 1410; x_wconf 76' lang='lat' dir='ltr'>amorisque</span> <span class='ocrx_word' id='word_1_66' title='bbox 797 1320 957 1387; x_wconf 90' lang='lat' dir='ltr'>desiderio</span> <span class='ocrx_word' id='word_1_67' title='bbox 979 1324 1138 1410; x_wconf 84' lang='lat' dir='ltr'>flagraret,</span> <span class='ocrx_word' id='word_1_68' title='bbox 1161 1331 1267 1394; x_wconf 87' lang='lat' dir='ltr'>consi-</span> <span class='ocrx_word' id='word_1_69' title='bbox 1304 1307 1309 1316; x_wconf 43' lang='lat'>¹</span> 
     </span>
     <span class='ocr_line' id='line_1_10' title="bbox 151 1430 1268 1520; baseline 0.003 -19"><span class='ocrx_word' id='word_1_70' title='bbox 151 1436 228 1501; x_wconf 91' lang='lat' dir='ltr'>limn</span> <span class='ocrx_word' id='word_1_71' title='bbox 252 1444 382 1520; x_wconf 90' lang='lat' dir='ltr'>caperet</span> <span class='ocrx_word' id='word_1_72' title='bbox 402 1436 436 1499; x_wconf 94' lang='lat' dir='ltr'>in</span> <span class='ocrx_word' id='word_1_73' title='bbox 458 1433 582 1500; x_wconf 91' lang='lat' dir='ltr'>Orcum</span> <span class='ocrx_word' id='word_1_74' title='bbox 604 1430 827 1514; x_wconf 89' lang='lat' dir='ltr'>descendendi,</span> <span class='ocrx_word' id='word_1_75' title='bbox 849 1432 907 1498; x_wconf 90' lang='lat' dir='ltr'>ubi</span> <span class='ocrx_word' id='word_1_76' title='bbox 926 1434 1078 1500; x_wconf 83' lang='lat' dir='ltr'>Tiresiam</span> <span class='ocrx_word' id='word_1_77' title='bbox 1101 1435 1142 1502; x_wconf 91' lang='lat' dir='ltr'>dc</span> <span class='ocrx_word' id='word_1_78' title='bbox 1163 1437 1268 1505; x_wconf 85' lang='lat' dir='ltr'>reditu</span> 
     </span>
     <span class='ocr_line' id='line_1_11' title="bbox 154 1548 414 1634; baseline -0.008 -21"><span class='ocrx_word' id='word_1_79' title='bbox 154 1548 414 1634; x_wconf 82' lang='lat' dir='ltr'>percontaretur?</span> 
     </span>
    </p>

    <p class='ocr_par' dir='ltr' id='par_1_4' title="bbox 155 1655 1271 2744">
     <span class='ocr_line' id='line_1_12' title="bbox 175 1655 1268 1744; baseline 0.006 -24"><span class='ocrx_word' id='word_1_80' title='bbox 175 1677 182 1686; x_wconf 62' lang='lat'><em>⁴</em></span> <span class='ocrx_word' id='word_1_81' title='bbox 244 1655 349 1743; x_wconf 83' lang='lat' dir='ltr'>Quod</span> <span class='ocrx_word' id='word_1_82' title='bbox 376 1658 405 1721; x_wconf 93' lang='lat' dir='ltr'>si</span> <span class='ocrx_word' id='word_1_83' title='bbox 425 1658 467 1722; x_wconf 88' lang='lat' dir='ltr'>ita</span> <span class='ocrx_word' id='word_1_84' title='bbox 491 1664 555 1736; x_wconf 87' lang='lat' dir='ltr'>ast,</span> <span class='ocrx_word' id='word_1_85' title='bbox 584 1677 621 1722; x_wconf 87' lang='lat' dir='ltr'>ea</span> <span class='ocrx_word' id='word_1_86' title='bbox 644 1677 728 1742; x_wconf 87' lang='lat' dir='ltr'>quae</span> <span class='ocrx_word' id='word_1_87' title='bbox 751 1656 889 1721; x_wconf 90' lang='lat' dir='ltr'>Tiresias</span> <span class='ocrx_word' id='word_1_88' title='bbox 912 1655 996 1738; x_wconf 89' lang='lat' dir='ltr'>dicit,</span> <span class='ocrx_word' id='word_1_89' title='bbox 1019 1661 1170 1744; x_wconf 91' lang='lat' dir='ltr'>qnoniam</span> <span class='ocrx_word' id='word_1_90' title='bbox 1193 1682 1268 1727; x_wconf 89' lang='lat' dir='ltr'>cau-</span> 
     </span>
     <span class='ocr_line' id='line_1_13' title="bbox 155 1766 1270 1854; baseline 0.004 -19"><span class='ocrx_word' id='word_1_91' title='bbox 155 1792 220 1835; x_wconf 86' lang='lat' dir='ltr'>sam</span> <span class='ocrx_word' id='word_1_92' title='bbox 242 1767 374 1834; x_wconf 89' lang='lat' dir='ltr'>tradunt</span> <span class='ocrx_word' id='word_1_93' title='bbox 392 1768 574 1834; x_wconf 81' lang='lat' dir='ltr'>calamitatis</span> <span class='ocrx_word' id='word_1_94' title='bbox 588 1766 880 1854; x_wconf 83' lang='lat' dir='ltr'>periculorumque,</span> <span class='ocrx_word' id='word_1_95' title='bbox 903 1767 1092 1854; x_wconf 86' lang='lat' dir='ltr'>quibuscum</span> <span class='ocrx_word' id='word_1_96' title='bbox 1102 1772 1187 1837; x_wconf 84' lang='lat' dir='ltr'>Ulixi</span> <span class='ocrx_word' id='word_1_97' title='bbox 1202 1781 1270 1839; x_wconf 86' lang='lat' dir='ltr'>erat</span> 
     </span>
     <span class='ocr_line' id='line_1_14' title="bbox 156 1879 1268 1966; baseline 0.004 -20"><span class='ocrx_word' id='word_1_98' title='bbox 156 1879 379 1962; x_wconf 90' lang='lat' dir='ltr'>dimicandum,</span> <span class='ocrx_word' id='word_1_99' title='bbox 400 1880 498 1966; x_wconf 87' lang='lat' dir='ltr'>plane</span> <span class='ocrx_word' id='word_1_100' title='bbox 520 1882 748 1965; x_wconf 82' lang='lat' dir='ltr'>exspectationi</span> <span class='ocrx_word' id='word_1_101' title='bbox 769 1890 898 1945; x_wconf 88' lang='lat' dir='ltr'>nostrae</span> <span class='ocrx_word' id='word_1_102' title='bbox 920 1881 1122 1949; x_wconf 87' lang='lat' dir='ltr'>satisfaciunt.</span> <span class='ocrx_word' id='word_1_103' title='bbox 1167 1884 1268 1950; x_wconf 82' lang='lat' dir='ltr'>Ulixis</span> 
     </span>
     <span class='ocr_line' id='line_1_15' title="bbox 156 1990 1269 2079; baseline 0.004 -22"><span class='ocrx_word' id='word_1_104' title='bbox 156 1996 253 2073; x_wconf 88' lang='lat' dir='ltr'>enim,</span> <span class='ocrx_word' id='word_1_105' title='bbox 280 1995 333 2057; x_wconf 90' lang='lat' dir='ltr'>cui</span> <span class='ocrx_word' id='word_1_106' title='bbox 353 1993 527 2079; x_wconf 84' lang='lat' dir='ltr'>Neptunus</span> <span class='ocrx_word' id='word_1_107' title='bbox 550 2001 685 2079; x_wconf 87' lang='lat' dir='ltr'>propter</span> <span class='ocrx_word' id='word_1_108' title='bbox 711 1990 812 2056; x_wconf 87' lang='lat' dir='ltr'>filium</span> <span class='ocrx_word' id='word_1_109' title='bbox 839 1990 1046 2058; x_wconf 90' lang='lat' dir='ltr'>obcaecatum</span> <span class='ocrx_word' id='word_1_110' title='bbox 1072 1998 1269 2078; x_wconf 88' lang='lat' dir='ltr'>irasceretur,</span> 
     </span>
     <span class='ocr_line' id='line_1_16' title="bbox 156 2090 1268 2191; baseline 0.004 -23"><span class='ocrx_word' id='word_1_111' title='bbox 156 2102 348 2191; x_wconf 86' lang='lat' dir='ltr'>permultum</span> <span class='ocrx_word' id='word_1_112' title='bbox 379 2105 529 2169; x_wconf 87' lang='lat' dir='ltr'>intererat</span> <span class='ocrx_word' id='word_1_113' title='bbox 556 2102 598 2169; x_wconf 91' lang='lat' dir='ltr'>dc</span> <span class='ocrx_word' id='word_1_114' title='bbox 626 2104 690 2168; x_wconf 90' lang='lat' dir='ltr'>boc</span> <span class='ocrx_word' id='word_1_115' title='bbox 711 2090 866 2186; x_wconf 83' lang='lat' dir='ltr'>malorum</span> <span class='ocrx_word' id='word_1_116' title='bbox 889 2113 1019 2169; x_wconf 87' lang='lat' dir='ltr'>auctore</span> <span class='ocrx_word' id='word_1_117' title='bbox 1042 2109 1210 2171; x_wconf 89' lang='lat' dir='ltr'>certiorem</span> <span class='ocrx_word' id='word_1_118' title='bbox 1232 2126 1268 2172; x_wconf 90' lang='lat' dir='ltr'>se</span> 
     </span>
     <span class='ocr_line' id='line_1_17' title="bbox 158 2213 1271 2303; baseline 0.004 -25"><span class='ocrx_word' id='word_1_119' title='bbox 158 2215 239 2295; x_wconf 86' lang='lat' dir='ltr'>fieri,</span> <span class='ocrx_word' id='word_1_120' title='bbox 261 2225 297 2281; x_wconf 91' lang='lat' dir='ltr'>ut</span> <span class='ocrx_word' id='word_1_121' title='bbox 319 2236 337 2278; x_wconf 91' lang='lat' dir='ltr'>a</span> <span class='ocrx_word' id='word_1_122' title='bbox 359 2213 455 2288; x_wconf 73' lang='lat' dir='ltr'>nova</span> <span class='ocrx_word' id='word_1_123' title='bbox 466 2219 535 2303; x_wconf 87' lang='lat' dir='ltr'>ejus</span> <span class='ocrx_word' id='word_1_124' title='bbox 549 2215 723 2283; x_wconf 84' lang='lat' dir='ltr'>violatione</span> <span class='ocrx_word' id='word_1_125' title='bbox 745 2213 808 2280; x_wconf 90' lang='lat' dir='ltr'>sibi</span> <span class='ocrx_word' id='word_1_126' title='bbox 825 2225 959 2282; x_wconf 87' lang='lat' dir='ltr'>caveret.</span> <span class='ocrx_word' id='word_1_127' title='bbox 1004 2216 1142 2282; x_wconf 89' lang='lat' dir='ltr'>Periculi</span> <span class='ocrx_word' id='word_1_128' title='bbox 1156 2227 1271 2300; x_wconf 88' lang='lat' dir='ltr'>autem,</span> 
     </span>
     <span class='ocr_line' id='line_1_18' title="bbox 157 2325 1270 2413; baseline 0.003 -22"><span class='ocrx_word' id='word_1_129' title='bbox 157 2325 247 2413; x_wconf 92' lang='lat' dir='ltr'>qnod</span> <span class='ocrx_word' id='word_1_130' title='bbox 270 2349 308 2392; x_wconf 89' lang='lat' dir='ltr'>ex</span> <span class='ocrx_word' id='word_1_131' title='bbox 330 2325 437 2392; x_wconf 92' lang='lat' dir='ltr'>bobus</span> <span class='ocrx_word' id='word_1_132' title='bbox 459 2329 492 2392; x_wconf 90' lang='lat' dir='ltr'>in</span> <span class='ocrx_word' id='word_1_133' title='bbox 509 2327 656 2392; x_wconf 85' lang='lat' dir='ltr'>Trinacia</span> <span class='ocrx_word' id='word_1_134' title='bbox 678 2326 781 2392; x_wconf 90' lang='lat' dir='ltr'>insula</span> <span class='ocrx_word' id='word_1_135' title='bbox 803 2326 967 2393; x_wconf 87' lang='lat' dir='ltr'>trucidatis</span> <span class='ocrx_word' id='word_1_136' title='bbox 989 2327 1075 2393; x_wconf 91' lang='lat' dir='ltr'>Ulixi</span> <span class='ocrx_word' id='word_1_137' title='bbox 1096 2331 1270 2395; x_wconf 88' lang='lat' dir='ltr'>immineret</span> 
     </span>
     <span class='ocr_line' id='line_1_19' title="bbox 155 2436 1270 2531; baseline 0.001 -28"><span class='ocrx_word' id='word_1_138' title='bbox 155 2442 306 2523; x_wconf 86' lang='lat' dir='ltr'>vitaeque</span> <span class='ocrx_word' id='word_1_139' title='bbox 332 2437 462 2517; x_wconf 86' lang='lat' dir='ltr'>beatae,</span> <span class='ocrx_word' id='word_1_140' title='bbox 488 2460 586 2523; x_wconf 87' lang='lat' dir='ltr'>quam</span> <span class='ocrx_word' id='word_1_141' title='bbox 609 2437 723 2526; x_wconf 84' lang='lat' dir='ltr'>degere</span> <span class='ocrx_word' id='word_1_142' title='bbox 749 2437 838 2502; x_wconf 90' lang='lat' dir='ltr'>illum</span> <span class='ocrx_word' id='word_1_143' title='bbox 859 2436 1010 2503; x_wconf 87' lang='lat' dir='ltr'>reducem</span> <span class='ocrx_word' id='word_1_144' title='bbox 1032 2447 1119 2503; x_wconf 88' lang='lat' dir='ltr'>vates</span> <span class='ocrx_word' id='word_1_145' title='bbox 1142 2436 1270 2531; x_wconf 85' lang='lat' dir='ltr'>dixerat,</span> 
     </span>
     <span class='ocr_line' id='line_1_20' title="bbox 159 2548 1271 2640; baseline 0.002 -26"><span class='ocrx_word' id='word_1_146' title='bbox 159 2549 452 2614; x_wconf 90' lang='lat' dir='ltr'>commemorationi</span> <span class='ocrx_word' id='word_1_147' title='bbox 481 2558 631 2634; x_wconf 89' lang='lat' dir='ltr'>quantum</span> <span class='ocrx_word' id='word_1_148' title='bbox 659 2548 863 2616; x_wconf 90' lang='lat' dir='ltr'>tribuendum</span> <span class='ocrx_word' id='word_1_149' title='bbox 891 2552 931 2616; x_wconf 90' lang='lat' dir='ltr'>sit</span> <span class='ocrx_word' id='word_1_150' title='bbox 959 2571 1056 2639; x_wconf 89' lang='lat' dir='ltr'>snpra</span> <span class='ocrx_word' id='word_1_151' title='bbox 1084 2549 1271 2640; x_wconf 84' lang='lat' dir='ltr'>explicatum</span> 
     </span>
     <span class='ocr_line' id='line_1_21' title="bbox 161 2657 307 2744; baseline -0.007 -20"><span class='ocrx_word' id='word_1_152' title='bbox 161 2657 307 2744; x_wconf 80' lang='lat' dir='ltr'>est¹³⁹).</span> 
     </span>
    </p>

    <p class='ocr_par' dir='ltr' id='par_1_5' title="bbox 158 2769 1277 3968">
     <span class='ocr_line' id='line_1_22' title="bbox 247 2769 1273 2859; baseline 0.004 -23"><span class='ocrx_word' id='word_1_153' title='bbox 247 2769 315 2837; x_wconf 86' lang='lat' dir='ltr'>Sed</span> <span class='ocrx_word' id='word_1_154' title='bbox 337 2769 423 2836; x_wconf 89' lang='lat' dir='ltr'>alind</span> <span class='ocrx_word' id='word_1_155' title='bbox 438 2782 654 2859; x_wconf 79' lang='lat' dir='ltr'>argumentum</span> <span class='ocrx_word' id='word_1_156' title='bbox 669 2772 916 2854; x_wconf 87' lang='lat' dir='ltr'>consideremus,</span> <span class='ocrx_word' id='word_1_157' title='bbox 938 2771 1029 2858; x_wconf 92' lang='lat' dir='ltr'>quod</span> <span class='ocrx_word' id='word_1_158' title='bbox 1042 2770 1170 2841; x_wconf 68' lang='grc' dir='ltr'>Νεκυίαν</span> <span class='ocrx_word' id='word_1_159' title='bbox 1185 2795 1273 2840; x_wconf 88' lang='lat' dir='ltr'>com-</span> 
     </span>
     <span class='ocr_line' id='line_1_23' title="bbox 160 2882 1273 2971; baseline 0.001 -23"><span class='ocrx_word' id='word_1_160' title='bbox 160 2885 295 2970; x_wconf 84' lang='lat' dir='ltr'>positam</span> <span class='ocrx_word' id='word_1_161' title='bbox 317 2903 384 2948; x_wconf 91' lang='lat' dir='ltr'>non</span> <span class='ocrx_word' id='word_1_162' title='bbox 407 2905 478 2948; x_wconf 91' lang='lat' dir='ltr'>esse</span> <span class='ocrx_word' id='word_1_163' title='bbox 499 2885 533 2948; x_wconf 92' lang='lat' dir='ltr'>in</span> <span class='ocrx_word' id='word_1_164' title='bbox 555 2895 735 2950; x_wconf 87' lang='lat' dir='ltr'>ceterorum</span> <span class='ocrx_word' id='word_1_165' title='bbox 750 2884 920 2971; x_wconf 85' lang='lat' dir='ltr'>Odysseae</span> <span class='ocrx_word' id='word_1_166' title='bbox 942 2882 1098 2948; x_wconf 90' lang='lat' dir='ltr'>librorum</span> <span class='ocrx_word' id='word_1_167' title='bbox 1118 2886 1273 2971; x_wconf 87' lang='lat' dir='ltr'>conjunc-</span> 
     </span>
     <span class='ocr_line' id='line_1_24' title="bbox 158 2992 1272 3082; baseline 0.001 -22"><span class='ocrx_word' id='word_1_168' title='bbox 158 2999 277 3060; x_wconf 91' lang='lat' dir='ltr'>tionem</span> <span class='ocrx_word' id='word_1_169' title='bbox 304 2992 459 3073; x_wconf 83' lang='lat' dir='ltr'>ostendat,</span> <span class='ocrx_word' id='word_1_170' title='bbox 504 2992 655 3082; x_wconf 89' lang='lat' dir='ltr'>Magnum</span> <span class='ocrx_word' id='word_1_171' title='bbox 679 2999 761 3061; x_wconf 93' lang='lat' dir='ltr'>enim</span> <span class='ocrx_word' id='word_1_172' title='bbox 782 2996 909 3062; x_wconf 87' lang='lat' dir='ltr'>videtur</span> <span class='ocrx_word' id='word_1_173' title='bbox 934 2993 1101 3061; x_wconf 89' lang='lat' dir='ltr'>discrimen</span> <span class='ocrx_word' id='word_1_174' title='bbox 1121 2998 1203 3061; x_wconf 89' lang='lat' dir='ltr'>inter</span> <span class='ocrx_word' id='word_1_175' title='bbox 1225 2999 1272 3060; x_wconf 91' lang='lat' dir='ltr'>in-</span> 
     </span>
     <span class='ocr_line' id='line_1_25' title="bbox 160 3105 1273 3192; baseline 0.002 -22"><span class='ocrx_word' id='word_1_176' title='bbox 160 3107 253 3171; x_wconf 86' lang='lat' dir='ltr'>lerias</span> <span class='ocrx_word' id='word_1_177' title='bbox 276 3108 486 3192; x_wconf 90' lang='lat' dir='ltr'>praescriptas</span> <span class='ocrx_word' id='word_1_178' title='bbox 502 3129 520 3170; x_wconf 94' lang='lat' dir='ltr'>a</span> <span class='ocrx_word' id='word_1_179' title='bbox 536 3105 632 3173; x_wconf 89' lang='lat' dir='ltr'>Circa</span> <span class='ocrx_word' id='word_1_180' title='bbox 655 3120 686 3173; x_wconf 87' lang='lat' dir='ltr'>et</span> <span class='ocrx_word' id='word_1_181' title='bbox 710 3109 885 3175; x_wconf 85' lang='lat' dir='ltr'>celebratas</span> <span class='ocrx_word' id='word_1_182' title='bbox 901 3107 942 3172; x_wconf 91' lang='lat' dir='ltr'>ab</span> <span class='ocrx_word' id='word_1_183' title='bbox 958 3106 1051 3172; x_wconf 91' lang='lat' dir='ltr'>Ulixe</span> <span class='ocrx_word' id='word_1_184' title='bbox 1068 3107 1273 3172; x_wconf 87' lang='lat' dir='ltr'>intercedere.</span> 
     </span>
     <span class='ocr_line' id='line_1_26' title="bbox 161 3200 1273 3306; baseline -0.001 -23"><span class='ocrx_word' id='word_1_185' title='bbox 161 3216 250 3303; x_wconf 86' lang='lat' dir='ltr'>Quid</span> <span class='ocrx_word' id='word_1_186' title='bbox 272 3228 377 3282; x_wconf 88' lang='lat' dir='ltr'>autem</span> <span class='ocrx_word' id='word_1_187' title='bbox 399 3200 601 3303; x_wconf 79' lang='lat' dir='ltr'>probabilius</span> <span class='ocrx_word' id='word_1_188' title='bbox 625 3241 695 3284; x_wconf 89' lang='lat' dir='ltr'>esso</span> <span class='ocrx_word' id='word_1_189' title='bbox 718 3229 834 3306; x_wconf 91' lang='lat' dir='ltr'>potest,</span> <span class='ocrx_word' id='word_1_190' title='bbox 858 3238 953 3304; x_wconf 89' lang='lat' dir='ltr'>quam</span> <span class='ocrx_word' id='word_1_191' title='bbox 976 3219 1180 3280; x_wconf 90' lang='lat' dir='ltr'>caerimonias</span> <span class='ocrx_word' id='word_1_192' title='bbox 1202 3216 1273 3282; x_wconf 86' lang='lat' dir='ltr'>illas</span> 
     </span>
     <span class='ocr_line' id='line_1_27' title="bbox 163 3327 1274 3416; baseline 0.002 -24"><span class='ocrx_word' id='word_1_193' title='bbox 163 3351 200 3392; x_wconf 88' lang='lat' dir='ltr'>ac</span> <span class='ocrx_word' id='word_1_194' title='bbox 220 3332 309 3410; x_wconf 90' lang='lat' dir='ltr'>ritus,</span> <span class='ocrx_word' id='word_1_195' title='bbox 333 3349 415 3415; x_wconf 87' lang='lat' dir='ltr'>quac</span> <span class='ocrx_word' id='word_1_196' title='bbox 437 3329 575 3395; x_wconf 87' lang='lat' dir='ltr'>tenenda</span> <span class='ocrx_word' id='word_1_197' title='bbox 595 3333 628 3394; x_wconf 90' lang='lat' dir='ltr'>in</span> <span class='ocrx_word' id='word_1_198' title='bbox 645 3331 735 3396; x_wconf 93' lang='lat' dir='ltr'>Orco</span> <span class='ocrx_word' id='word_1_199' title='bbox 753 3342 849 3416; x_wconf 91' lang='lat' dir='ltr'>atque</span> <span class='ocrx_word' id='word_1_200' title='bbox 869 3328 1068 3396; x_wconf 87' lang='lat' dir='ltr'>observanda</span> <span class='ocrx_word' id='word_1_201' title='bbox 1082 3327 1167 3411; x_wconf 84' lang='lat' dir='ltr'>Ulixi</span> <span class='ocrx_word' id='word_1_202' title='bbox 1182 3349 1274 3415; x_wconf 90' lang='lat' dir='ltr'>prae-</span> 
     </span>
     <span class='ocr_line' id='line_1_28' title="bbox 162 3441 1274 3529; baseline -0.001 -23"><span class='ocrx_word' id='word_1_203' title='bbox 162 3443 278 3527; x_wconf 87' lang='lat' dir='ltr'>scripta</span> <span class='ocrx_word' id='word_1_204' title='bbox 300 3450 398 3519; x_wconf 90' lang='lat' dir='ltr'>erant,</span> <span class='ocrx_word' id='word_1_205' title='bbox 421 3463 493 3505; x_wconf 91' lang='lat' dir='ltr'>cum</span> <span class='ocrx_word' id='word_1_206' title='bbox 515 3445 612 3528; x_wconf 88' lang='lat' dir='ltr'>magis</span> <span class='ocrx_word' id='word_1_207' title='bbox 635 3441 759 3507; x_wconf 89' lang='lat' dir='ltr'>stabilia</span> <span class='ocrx_word' id='word_1_208' title='bbox 781 3444 888 3523; x_wconf 83' lang='lat' dir='ltr'>luisse,</span> <span class='ocrx_word' id='word_1_209' title='bbox 912 3445 1031 3529; x_wconf 88' lang='lat' dir='ltr'>quippe</span> <span class='ocrx_word' id='word_1_210' title='bbox 1054 3463 1115 3506; x_wconf 91' lang='lat' dir='ltr'>usu</span> <span class='ocrx_word' id='word_1_211' title='bbox 1136 3451 1274 3527; x_wconf 89' lang='lat' dir='ltr'>recepta,</span> 
     </span>
     <span class='ocr_line' id='line_1_29' title="bbox 160 3550 1273 3639; baseline 0 -23"><span class='ocrx_word' id='word_1_212' title='bbox 160 3562 227 3616; x_wconf 89' lang='lat' dir='ltr'>tum</span> <span class='ocrx_word' id='word_1_213' title='bbox 250 3550 342 3632; x_wconf 88' lang='lat' dir='ltr'>Ulixi,</span> <span class='ocrx_word' id='word_1_214' title='bbox 365 3554 421 3638; x_wconf 89' lang='lat' dir='ltr'>qni</span> <span class='ocrx_word' id='word_1_215' title='bbox 444 3552 577 3618; x_wconf 88' lang='lat' dir='ltr'>salutem</span> <span class='ocrx_word' id='word_1_216' title='bbox 600 3563 631 3617; x_wconf 87' lang='lat' dir='ltr'>ct</span> <span class='ocrx_word' id='word_1_217' title='bbox 652 3553 787 3618; x_wconf 90' lang='lat' dir='ltr'>reditum</span> <span class='ocrx_word' id='word_1_218' title='bbox 810 3553 951 3639; x_wconf 84' lang='lat' dir='ltr'>pendere</span> <span class='ocrx_word' id='word_1_219' title='bbox 974 3577 1011 3619; x_wconf 87' lang='lat' dir='ltr'>ex</span> <span class='ocrx_word' id='word_1_220' title='bbox 1033 3555 1071 3617; x_wconf 91' lang='lat' dir='ltr'>iis</span> <span class='ocrx_word' id='word_1_221' title='bbox 1086 3562 1174 3618; x_wconf 87' lang='lat' dir='ltr'>recte</span> <span class='ocrx_word' id='word_1_222' title='bbox 1190 3551 1273 3616; x_wconf 89' lang='lat' dir='ltr'>ccle-</span> 
     </span>
     <span class='ocr_line' id='line_1_30' title="bbox 160 3660 1275 3750; baseline -0.003 -21"><span class='ocrx_word' id='word_1_223' title='bbox 160 3662 292 3729; x_wconf 91' lang='lat' dir='ltr'>brandis</span> <span class='ocrx_word' id='word_1_224' title='bbox 314 3662 451 3744; x_wconf 86' lang='lat' dir='ltr'>videret,</span> <span class='ocrx_word' id='word_1_225' title='bbox 478 3665 638 3750; x_wconf 88' lang='lat' dir='ltr'>graviora,</span> <span class='ocrx_word' id='word_1_226' title='bbox 662 3685 757 3747; x_wconf 93' lang='lat' dir='ltr'>quam</span> <span class='ocrx_word' id='word_1_227' title='bbox 779 3685 798 3727; x_wconf 91' lang='lat' dir='ltr'>a</span> <span class='ocrx_word' id='word_1_228' title='bbox 821 3662 939 3748; x_wconf 90' lang='lat' dir='ltr'>quibus</span> <span class='ocrx_word' id='word_1_229' title='bbox 962 3674 1174 3727; x_wconf 88' lang='lat' dir='ltr'>transversum</span> <span class='ocrx_word' id='word_1_230' title='bbox 1197 3660 1275 3748; x_wconf 87' lang='lat' dir='ltr'>dlgi</span> 
     </span>
     <span class='ocr_line' id='line_1_31' title="bbox 159 3755 1277 3861; baseline -0.001 -21"><span class='ocrx_word' id='word_1_231' title='bbox 159 3783 226 3840; x_wconf 92' lang='lat' dir='ltr'>tum</span> <span class='ocrx_word' id='word_1_232' title='bbox 258 3773 454 3840; x_wconf 81' lang='lat' dir='ltr'>discederet?</span> <span class='ocrx_word' id='word_1_233' title='bbox 496 3773 611 3861; x_wconf 84' lang='lat' dir='ltr'>Neque</span> <span class='ocrx_word' id='word_1_234' title='bbox 638 3772 722 3838; x_wconf 90' lang='lat' dir='ltr'>solet</span> <span class='ocrx_word' id='word_1_235' title='bbox 756 3755 853 3858; x_wconf 87' lang='lat' dir='ltr'>poeta</span> <span class='ocrx_word' id='word_1_236' title='bbox 880 3773 913 3835; x_wconf 91' lang='lat' dir='ltr'>in</span> <span class='ocrx_word' id='word_1_237' title='bbox 946 3791 1011 3837; x_wconf 90' lang='lat' dir='ltr'>nna</span> <span class='ocrx_word' id='word_1_238' title='bbox 1037 3768 1212 3856; x_wconf 86' lang='lat' dir='ltr'>eademque</span> <span class='ocrx_word' id='word_1_239' title='bbox 1239 3792 1277 3840; x_wconf 89' lang='lat' dir='ltr'>rc</span> 
     </span>
     <span class='ocr_line' id='line_1_32' title="bbox 160 3880 849 3968; baseline -0.007 -16"><span class='ocrx_word' id='word_1_240' title='bbox 160 3883 373 3952; x_wconf 88' lang='lat' dir='ltr'>describenda</span> <span class='ocrx_word' id='word_1_241' title='bbox 394 3887 481 3953; x_wconf 85' lang='lat' dir='ltr'>varia</span> <span class='ocrx_word' id='word_1_242' title='bbox 503 3887 551 3952; x_wconf 90' lang='lat' dir='ltr'>uti</span> <span class='ocrx_word' id='word_1_243' title='bbox 571 3880 849 3968; x_wconf 74' lang='lat' dir='ltr'>narratione¹⁴⁰).</span> 
     </span>
    </p>
   </div>
   <div class='ocr_carea' id='block_1_3' title="bbox 238 4135 1138 4305">
    <p class='ocr_par' dir='ltr' id='par_1_6' title="bbox 238 4135 1138 4305">
     <span class='ocr_line' id='line_1_33' title="bbox 238 4135 949 4184; baseline 0.025 -18"><span class='ocrx_word' id='word_1_244' title='bbox 238 4135 286 4166; x_wconf 76' lang='lat'>139</span> <span class='ocrx_word' id='word_1_245' title='bbox 943 4173 949 4184; x_wconf 87' lang='lat'>.</span> 
     </span>
     <span class='ocr_line' id='line_1_34' title="bbox 238 4139 1138 4305; baseline -0.001 -22"><span class='ocrx_word' id='word_1_246' title='bbox 238 4139 302 4305; x_wconf 61' lang='lat'>¹⁴⁰}</span> <span class='ocrx_word' id='word_1_247' title='bbox 339 4157 376 4287; x_wconf 65' lang='lat' dir='ltr'>dl</span> <span class='ocrx_word' id='word_1_248' title='bbox 387 4141 431 4287; x_wconf 67' lang='grc'>16.</span> <span class='ocrx_word' id='word_1_249' title='bbox 444 4230 600 4298; x_wconf 85' lang='lat' dir='ltr'>Hermann,</span> <span class='ocrx_word' id='word_1_250' title='bbox 614 4228 649 4284; x_wconf 89' lang='lat' dir='ltr'>de</span> <span class='ocrx_word' id='word_1_251' title='bbox 667 4226 771 4284; x_wconf 84' lang='lat' dir='ltr'>iteratis</span> <span class='ocrx_word' id='word_1_252' title='bbox 789 4226 864 4302; x_wconf 89' lang='lat' dir='ltr'>apud</span> <span class='ocrx_word' id='word_1_253' title='bbox 883 4227 1047 4285; x_wconf 88' lang='lat' dir='ltr'>Homerum.</span> <span class='ocrx_word' id='word_1_254' title='bbox 1067 4246 1096 4300; x_wconf 87' lang='lat' dir='ltr'>p.</span> <span class='ocrx_word' id='word_1_255' title='bbox 1111 4226 1138 4282; x_wconf 88' lang='lat'>6.</span> 
     </span>
    </p>
   </div>
   <div class='ocr_carea' id='block_1_4' title="bbox 0 0 1437 4898">
    <p class='ocr_par' dir='ltr' id='par_1_7' title="bbox 0 0 1437 4898">
     <span class='ocr_line' id='line_1_35' title="bbox 0 0 1437 4898; baseline 0 0"><span class='ocrx_word' id='word_1_256' title='bbox 0 0 1437 4898; x_wconf 95' lang='lat' dir='ltr'> </span> 
     </span>
    </p>
   </div>
  </div>
 </body>
</html>
