<?xml version="1.0" encoding="UTF-8"?>
<!DOCTYPE html PUBLIC "-//W3C//DTD XHTML 1.0 Transitional//EN"
    "http://www.w3.org/TR/xhtml1/DTD/xhtml1-transitional.dtd">
<html xmlns="http://www.w3.org/1999/xhtml" xml:lang="en" lang="en">
 <head>
  <title>
</title>
<meta http-equiv="Content-Type" content="text/html;charset=utf-8" />
  <meta name='ocr-system' content='tesseract 3.04.00' />
  <meta name='ocr-capabilities' content='ocr_page ocr_carea ocr_par ocr_line ocrx_word'/>
</head>
<body>
  <div class='ocr_page' id='page_1' title='image "./quaestioneshome00lauegoog_0118.png"; bbox 0 0 2842 4898; ppageno 0'>
   <div class='ocr_carea' id='block_1_1' title="bbox 681 328 732 404">
    <p class='ocr_par' dir='ltr' id='par_1_1' title="bbox 681 328 732 404">
     <span class='ocr_line' id='line_1_1' title="bbox 681 328 732 404; baseline -0.02 0"><span class='ocrx_word' id='word_1_1' title='bbox 681 328 732 404; x_wconf 87' lang='lat'><strong>85</strong></span> 
     </span>
    </p>
   </div>
   <div class='ocr_carea' id='block_1_2' title="bbox 148 515 1270 1279">
    <p class='ocr_par' dir='ltr' id='par_1_2' title="bbox 148 515 1270 1279">
     <span class='ocr_line' id='line_1_2' title="bbox 240 515 1270 607; baseline 0.002 -21"><span class='ocrx_word' id='word_1_2' title='bbox 240 519 336 607; x_wconf 87' lang='lat' dir='ltr'><strong>Quae</strong></span> <span class='ocrx_word' id='word_1_3' title='bbox 367 540 438 584; x_wconf 93' lang='lat' dir='ltr'><strong>cum</strong></span> <span class='ocrx_word' id='word_1_4' title='bbox 460 518 504 582; x_wconf 89' lang='lat' dir='ltr'><strong>ita</strong></span> <span class='ocrx_word' id='word_1_5' title='bbox 527 518 604 597; x_wconf 93' lang='lat' dir='ltr'><strong>siut,</strong></span> <span class='ocrx_word' id='word_1_6' title='bbox 633 525 665 580; x_wconf 90' lang='lat' dir='ltr'><strong>et</strong></span> <span class='ocrx_word' id='word_1_7' title='bbox 686 515 787 580; x_wconf 87' lang='lat' dir='ltr'><strong>forma</strong></span> <span class='ocrx_word' id='word_1_8' title='bbox 809 515 999 601; x_wconf 90' lang='lat' dir='ltr'><strong>rhapsodiae</strong></span> <span class='ocrx_word' id='word_1_9' title='bbox 1026 519 1211 586; x_wconf 81' lang='lat' dir='ltr'><strong>undecimae</strong></span> <span class='ocrx_word' id='word_1_10' title='bbox 1238 530 1270 588; x_wconf 91' lang='lat' dir='ltr'><strong>et</strong></span> 
     </span>
     <span class='ocr_line' id='line_1_3' title="bbox 148 627 1269 718; baseline -0.013 -18"><span class='ocrx_word' id='word_1_11' title='bbox 148 635 280 701; x_wconf 82' lang='lat' dir='ltr'><strong>materia</strong></span> <span class='ocrx_word' id='word_1_12' title='bbox 306 643 371 696; x_wconf 93' lang='lat' dir='ltr'><strong>tum</strong></span> <span class='ocrx_word' id='word_1_13' title='bbox 395 653 413 693; x_wconf 90' lang='lat' dir='ltr'><strong>a</strong></span> <span class='ocrx_word' id='word_1_14' title='bbox 435 630 562 693; x_wconf 91' lang='lat' dir='ltr'><strong>Boeoto</strong></span> <span class='ocrx_word' id='word_1_15' title='bbox 587 639 653 691; x_wconf 92' lang='lat' dir='ltr'><strong>tum</strong></span> <span class='ocrx_word' id='word_1_16' title='bbox 682 631 764 692; x_wconf 86' lang='lat' dir='ltr'><strong>inter</strong></span> <span class='ocrx_word' id='word_1_17' title='bbox 786 627 930 693; x_wconf 87' lang='lat' dir='ltr'><strong>Boeotos</strong></span> <span class='ocrx_word' id='word_1_18' title='bbox 953 628 1080 698; x_wconf 67' lang='grc' dir='ltr'><em>Νεκυίαν</em></span> <span class='ocrx_word' id='word_1_19' title='bbox 1109 637 1269 718; x_wconf 75' lang='lat' dir='ltr'><strong>composi.</strong></span> 
     </span>
     <span class='ocr_line' id='line_1_4' title="bbox 148 739 1269 829; baseline 0 -18"><span class='ocrx_word' id='word_1_20' title='bbox 148 756 216 821; x_wconf 83' lang='lat' dir='ltr'><strong>tam</strong></span> <span class='ocrx_word' id='word_1_21' title='bbox 239 767 306 809; x_wconf 91' lang='lat' dir='ltr'><strong>esse</strong></span> <span class='ocrx_word' id='word_1_22' title='bbox 333 741 482 829; x_wconf 86' lang='lat' dir='ltr'><strong>probant.</strong></span> <span class='ocrx_word' id='word_1_23' title='bbox 528 739 656 824; x_wconf 83' lang='lat' dir='ltr'><strong>Quibus</strong></span> <span class='ocrx_word' id='word_1_24' title='bbox 685 742 874 824; x_wconf 79' lang='lat' dir='ltr'><strong>argumentis</strong></span> <span class='ocrx_word' id='word_1_25' title='bbox 904 740 965 804; x_wconf 92' lang='lat' dir='ltr'><strong>alia</strong></span> <span class='ocrx_word' id='word_1_26' title='bbox 987 744 1142 810; x_wconf 88' lang='lat' dir='ltr'><strong>accedunt</strong></span> <span class='ocrx_word' id='word_1_27' title='bbox 1164 749 1197 811; x_wconf 91' lang='lat' dir='ltr'><strong>in</strong></span> <span class='ocrx_word' id='word_1_28' title='bbox 1219 748 1269 812; x_wconf 92' lang='lat' dir='ltr'><strong>lo-</strong></span> 
     </span>
     <span class='ocr_line' id='line_1_5' title="bbox 153 851 1269 939; baseline -0.011 -17"><span class='ocrx_word' id='word_1_29' title='bbox 153 860 200 922; x_wconf 87' lang='lat' dir='ltr'><strong>cis</strong></span> <span class='ocrx_word' id='word_1_30' title='bbox 229 855 356 920; x_wconf 91' lang='lat' dir='ltr'><strong>duobus</strong></span> <span class='ocrx_word' id='word_1_31' title='bbox 386 855 506 939; x_wconf 89' lang='lat' dir='ltr'><strong>posita,</strong></span> <span class='ocrx_word' id='word_1_32' title='bbox 537 854 592 935; x_wconf 91' lang='lat' dir='ltr'><strong>qui</strong></span> <span class='ocrx_word' id='word_1_33' title='bbox 620 853 681 914; x_wconf 90' lang='lat' dir='ltr'><strong>nisi</strong></span> <span class='ocrx_word' id='word_1_34' title='bbox 705 872 807 914; x_wconf 88' lang='lat' dir='ltr'><strong>meam</strong></span> <span class='ocrx_word' id='word_1_35' title='bbox 830 851 870 916; x_wconf 92' lang='lat' dir='ltr'><strong>de</strong></span> <span class='ocrx_word' id='word_1_36' title='bbox 893 852 1020 925; x_wconf 67' lang='grc' dir='ltr'>Νεκυίας</span> <span class='ocrx_word' id='word_1_37' title='bbox 1043 869 1174 922; x_wconf 72' lang='lat' dir='ltr'><strong>auctore</strong></span> <span class='ocrx_word' id='word_1_38' title='bbox 1196 881 1269 924; x_wconf 71' lang='lat' dir='ltr'><strong>sen.</strong></span> 
     </span>
     <span class='ocr_line' id='line_1_6' title="bbox 149 961 1268 1055; baseline -0.002 -19"><span class='ocrx_word' id='word_1_39' title='bbox 149 973 280 1037; x_wconf 85' lang='lat' dir='ltr'><strong>teutiam</strong></span> <span class='ocrx_word' id='word_1_40' title='bbox 303 967 463 1053; x_wconf 80' lang='lat' dir='ltr'><strong>amplexus</strong></span> <span class='ocrx_word' id='word_1_41' title='bbox 486 966 537 1042; x_wconf 89' lang='lat' dir='ltr'><strong>sis,</strong></span> <span class='ocrx_word' id='word_1_42' title='bbox 562 972 635 1047; x_wconf 87' lang='lat' dir='ltr'><strong>apte</strong></span> <span class='ocrx_word' id='word_1_43' title='bbox 656 961 787 1048; x_wconf 79' lang='lat' dir='ltr'><strong>intelligi</strong></span> <span class='ocrx_word' id='word_1_44' title='bbox 812 973 906 1048; x_wconf 92' lang='lat' dir='ltr'><strong>atque</strong></span> <span class='ocrx_word' id='word_1_45' title='bbox 930 967 1077 1052; x_wconf 85' lang='lat' dir='ltr'><strong>explicari</strong></span> <span class='ocrx_word' id='word_1_46' title='bbox 1094 981 1268 1055; x_wconf 90' lang='lat' dir='ltr'><strong>nequeunt,</strong></span> 
     </span>
     <span class='ocr_line' id='line_1_7' title="bbox 150 1072 1269 1166; baseline 0 -20"><span class='ocrx_word' id='word_1_47' title='bbox 150 1081 222 1166; x_wconf 87' lang='lat' dir='ltr'><strong>Qui</strong></span> <span class='ocrx_word' id='word_1_48' title='bbox 249 1084 330 1144; x_wconf 92' lang='lat' dir='ltr'><strong>enim</strong></span> <span class='ocrx_word' id='word_1_49' title='bbox 358 1102 375 1143; x_wconf 92' lang='lat' dir='ltr'><strong>a</strong></span> <span class='ocrx_word' id='word_1_50' title='bbox 397 1079 527 1141; x_wconf 92' lang='lat' dir='ltr'><strong>Boeoto</strong></span> <span class='ocrx_word' id='word_1_51' title='bbox 555 1073 643 1138; x_wconf 92' lang='lat' dir='ltr'><strong>illum</strong></span> <span class='ocrx_word' id='word_1_52' title='bbox 671 1072 786 1138; x_wconf 89' lang='lat' dir='ltr'><strong>librum</strong></span> <span class='ocrx_word' id='word_1_53' title='bbox 816 1077 994 1159; x_wconf 85' lang='lat' dir='ltr'><strong>proiectum</strong></span> <span class='ocrx_word' id='word_1_54' title='bbox 1024 1102 1094 1145; x_wconf 88' lang='lat' dir='ltr'><strong>esse</strong></span> <span class='ocrx_word' id='word_1_55' title='bbox 1117 1085 1269 1162; x_wconf 82' lang='lat' dir='ltr'><strong>statuerit,</strong></span> 
     </span>
     <span class='ocr_line' id='line_1_8' title="bbox 152 1186 1268 1279; baseline 0.001 -22"><span class='ocrx_word' id='word_1_56' title='bbox 152 1192 247 1259; x_wconf 71' lang='lat' dir='ltr'><strong>facile</strong></span> <span class='ocrx_word' id='word_1_57' title='bbox 275 1187 533 1276; x_wconf 84' lang='lat' dir='ltr'><strong>comprehendet,</strong></span> <span class='ocrx_word' id='word_1_58' title='bbox 567 1188 622 1271; x_wconf 92' lang='lat' dir='ltr'><strong>qui</strong></span> <span class='ocrx_word' id='word_1_59' title='bbox 650 1186 767 1249; x_wconf 86' lang='lat' dir='ltr'><strong>lactum</strong></span> <span class='ocrx_word' id='word_1_60' title='bbox 793 1189 847 1266; x_wconf 89' lang='lat' dir='ltr'><strong>sit,</strong></span> <span class='ocrx_word' id='word_1_61' title='bbox 878 1199 914 1253; x_wconf 92' lang='lat' dir='ltr'><strong>ut</strong></span> <span class='ocrx_word' id='word_1_62' title='bbox 945 1190 1030 1254; x_wconf 89' lang='lat' dir='ltr'><strong>Otus</strong></span> <span class='ocrx_word' id='word_1_63' title='bbox 1047 1203 1085 1256; x_wconf 88' lang='lat' dir='ltr'><strong>et</strong></span> <span class='ocrx_word' id='word_1_64' title='bbox 1106 1192 1268 1279; x_wconf 84' lang='lat' dir='ltr'><strong>Ephialtes</strong></span> 
     </span>
    </p>
   </div>
   <div class='ocr_carea' id='block_1_3' title="bbox 148 1294 1269 1833">
    <p class='ocr_par' dir='ltr' id='par_1_3' title="bbox 148 1294 1269 1833">
     <span class='ocr_line' id='line_1_9' title="bbox 150 1294 1268 1388; baseline 0.002 -20"><span class='ocrx_word' id='word_1_65' title='bbox 150 1299 237 1368; x_wconf 64' lang='lat' dir='ltr'><strong>nono*</strong></span> <span class='ocrx_word' id='word_1_66' title='bbox 260 1307 420 1369; x_wconf 59' lang='lat' dir='ltr'><strong>notatores</strong></span> <span class='ocrx_word' id='word_1_67' title='bbox 449 1294 533 1386; x_wconf 66' lang='lat' dir='ltr'><strong>perci</strong></span> <span class='ocrx_word' id='word_1_68' title='bbox 552 1323 588 1384; x_wconf 81' lang='grc' dir='ltr'><strong>γε</strong></span> <span class='ocrx_word' id='word_1_69' title='bbox 611 1295 719 1361; x_wconf 63' lang='lat' dir='ltr'><strong>storo</strong></span> <span class='ocrx_word' id='word_1_70' title='bbox 741 1295 865 1380; x_wconf 75' lang='grc' dir='ltr'><strong><em>Ὠρίωνα,</em></strong></span> <span class='ocrx_word' id='word_1_71' title='bbox 892 1303 935 1381; x_wconf 89' lang='lat' dir='ltr'><strong>(v.</strong></span> <span class='ocrx_word' id='word_1_72' title='bbox 955 1303 1036 1385; x_wconf 81' lang='grc'>310)</span> <span class='ocrx_word' id='word_1_73' title='bbox 1060 1303 1268 1388; x_wconf 80' lang='lat' dir='ltr'><strong>appellentur.</strong></span> 
     </span>
     <span class='ocr_line' id='line_1_10' title="bbox 148 1407 1268 1498; baseline 0.002 -20"><span class='ocrx_word' id='word_1_74' title='bbox 148 1414 234 1478; x_wconf 87' lang='lat' dir='ltr'><strong>Nam</strong></span> <span class='ocrx_word' id='word_1_75' title='bbox 267 1423 300 1476; x_wconf 94' lang='lat' dir='ltr'><strong>et</strong></span> <span class='ocrx_word' id='word_1_76' title='bbox 327 1413 439 1475; x_wconf 84' lang='lat' dir='ltr'><strong>iratres</strong></span> <span class='ocrx_word' id='word_1_77' title='bbox 466 1408 511 1473; x_wconf 90' lang='lat' dir='ltr'><strong>illi</strong></span> <span class='ocrx_word' id='word_1_78' title='bbox 535 1419 564 1472; x_wconf 92' lang='lat' dir='ltr'><strong>et</strong></span> <span class='ocrx_word' id='word_1_79' title='bbox 588 1408 691 1472; x_wconf 91' lang='lat' dir='ltr'><strong>Orion</strong></span> <span class='ocrx_word' id='word_1_80' title='bbox 715 1407 755 1471; x_wconf 92' lang='lat' dir='ltr'><strong>ad</strong></span> <span class='ocrx_word' id='word_1_81' title='bbox 777 1409 927 1474; x_wconf 90' lang='lat' dir='ltr'><strong>Boeotias</strong></span> <span class='ocrx_word' id='word_1_82' title='bbox 954 1411 1078 1478; x_wconf 87' lang='lat' dir='ltr'><strong>fabulas</strong></span> <span class='ocrx_word' id='word_1_83' title='bbox 1102 1419 1268 1498; x_wconf 87' lang='lat' dir='ltr'><strong>pertinent.</strong></span> 
     </span>
     <span class='ocr_line' id='line_1_11' title="bbox 149 1521 1269 1610; baseline 0.004 -22"><span class='ocrx_word' id='word_1_84' title='bbox 149 1526 359 1610; x_wconf 87' lang='lat' dir='ltr'><strong>Quamquam</strong></span> <span class='ocrx_word' id='word_1_85' title='bbox 390 1542 431 1586; x_wconf 91' lang='lat' dir='ltr'><strong>ne</strong></span> <span class='ocrx_word' id='word_1_86' title='bbox 456 1522 545 1584; x_wconf 89' lang='lat' dir='ltr'><strong>nimis</strong></span> <span class='ocrx_word' id='word_1_87' title='bbox 572 1530 680 1605; x_wconf 88' lang='lat' dir='ltr'><strong>argute</strong></span> <span class='ocrx_word' id='word_1_88' title='bbox 708 1521 769 1584; x_wconf 91' lang='lat' dir='ltr'><strong>hoc</strong></span> <span class='ocrx_word' id='word_1_89' title='bbox 797 1524 899 1586; x_wconf 90' lang='lat' dir='ltr'><strong>rimati</strong></span> <span class='ocrx_word' id='word_1_90' title='bbox 927 1544 996 1588; x_wconf 90' lang='lat' dir='ltr'><strong>esse</strong></span> <span class='ocrx_word' id='word_1_91' title='bbox 1024 1534 1119 1610; x_wconf 90' lang='lat' dir='ltr'><strong>atque</strong></span> <span class='ocrx_word' id='word_1_92' title='bbox 1142 1525 1269 1592; x_wconf 88' lang='lat' dir='ltr'><strong>odorati</strong></span> 
     </span>
     <span class='ocr_line' id='line_1_12' title="bbox 150 1630 1268 1724; baseline 0.004 -25"><span class='ocrx_word' id='word_1_93' title='bbox 150 1635 335 1712; x_wconf 81' lang='lat' dir='ltr'><strong>videamur,</strong></span> <span class='ocrx_word' id='word_1_94' title='bbox 373 1632 502 1696; x_wconf 90' lang='lat' dir='ltr'><strong>alterum</strong></span> <span class='ocrx_word' id='word_1_95' title='bbox 535 1630 643 1695; x_wconf 90' lang='lat' dir='ltr'><strong>locum</strong></span> <span class='ocrx_word' id='word_1_96' title='bbox 678 1632 931 1714; x_wconf 87' lang='lat' dir='ltr'><strong>consideremus,</strong></span> <span class='ocrx_word' id='word_1_97' title='bbox 970 1639 1026 1721; x_wconf 92' lang='lat' dir='ltr'><strong>qui</strong></span> <span class='ocrx_word' id='word_1_98' title='bbox 1059 1641 1136 1702; x_wconf 87' lang='lat' dir='ltr'><strong>mira</strong></span> <span class='ocrx_word' id='word_1_99' title='bbox 1170 1661 1268 1724; x_wconf 91' lang='lat' dir='ltr'><strong>quae-</strong></span> 
     </span>
     <span class='ocr_line' id='line_1_13' title="bbox 152 1742 1269 1833; baseline 0.003 -20"><span class='ocrx_word' id='word_1_100' title='bbox 152 1747 224 1813; x_wconf 89' lang='lat' dir='ltr'><strong>dam</strong></span> <span class='ocrx_word' id='word_1_101' title='bbox 253 1746 495 1831; x_wconf 81' lang='lat' dir='ltr'><strong>Agamemnonis</strong></span> <span class='ocrx_word' id='word_1_102' title='bbox 530 1766 602 1808; x_wconf 89' lang='lat' dir='ltr'><strong>cum</strong></span> <span class='ocrx_word' id='word_1_103' title='bbox 629 1742 723 1807; x_wconf 84' lang='lat' dir='ltr'><strong>Ulixe</strong></span> <span class='ocrx_word' id='word_1_104' title='bbox 758 1744 971 1833; x_wconf 86' lang='lat' dir='ltr'><strong>colloquentis</strong></span> <span class='ocrx_word' id='word_1_105' title='bbox 1000 1748 1100 1815; x_wconf 89' lang='lat' dir='ltr'><strong>verba</strong></span> <span class='ocrx_word' id='word_1_106' title='bbox 1128 1754 1269 1817; x_wconf 89' lang='lat' dir='ltr'><strong>continet</strong></span> 
     </span>
    </p>
   </div>
   <div class='ocr_carea' id='block_1_4' title="bbox 153 1855 394 1942">
    <p class='ocr_par' dir='ltr' id='par_1_4' title="bbox 153 1855 394 1942">
     <span class='ocr_line' id='line_1_14' title="bbox 153 1855 394 1942; baseline -0.017 -19"><span class='ocrx_word' id='word_1_107' title='bbox 153 1864 196 1942; x_wconf 87' lang='lat' dir='ltr'><strong>(v.</strong></span> <span class='ocrx_word' id='word_1_108' title='bbox 214 1855 277 1930; x_wconf 73' lang='lat'><strong>457</strong></span> <span class='ocrx_word' id='word_1_109' title='bbox 293 1862 394 1941; x_wconf 87' lang='lat' dir='ltr'><strong>sqq.):</strong></span> 
     </span>
    </p>
   </div>
   <div class='ocr_carea' id='block_1_5' title="bbox 296 2023 1082 2123">
    <p class='ocr_par' dir='ltr' id='par_1_5' title="bbox 296 2023 1082 2123">
     <span class='ocr_line' id='line_1_15' title="bbox 296 2023 1082 2123; baseline 0.004 -28"><span class='ocrx_word' id='word_1_110' title='bbox 296 2033 360 2095; x_wconf 63' lang='lat' dir='ltr'><strong>dlx</strong></span> <span class='ocrx_word' id='word_1_111' title='bbox 383 2023 442 2113; x_wconf 61' lang='lat' dir='ltr'><strong>dos</strong></span> <span class='ocrx_word' id='word_1_112' title='bbox 462 2059 506 2105; x_wconf 84' lang='grc' dir='ltr'><strong>μοι</strong></span> <span class='ocrx_word' id='word_1_113' title='bbox 527 2026 593 2094; x_wconf 71' lang='grc' dir='ltr'><strong>τᾶδε</strong></span> <span class='ocrx_word' id='word_1_114' title='bbox 614 2025 673 2094; x_wconf 66' lang='grc' dir='ltr'><strong>εἰπὲ</strong></span> <span class='ocrx_word' id='word_1_115' title='bbox 693 2028 742 2095; x_wconf 63' lang='grc' dir='ltr'><strong>καὶ</strong></span> <span class='ocrx_word' id='word_1_116' title='bbox 764 2029 900 2121; x_wconf 64' lang='grc' dir='ltr'><em>ἆτρεκὲως</em></span> <span class='ocrx_word' id='word_1_117' title='bbox 919 2031 1082 2123; x_wconf 66' lang='grc' dir='ltr'>κατάλεξον</span> 
     </span>
    </p>
   </div>
   <div class='ocr_carea' id='block_1_6' title="bbox 187 2131 1123 2330">
    <p class='ocr_par' dir='ltr' id='par_1_6' title="bbox 187 2131 1123 2330">
     <span class='ocr_line' id='line_1_16' title="bbox 187 2131 949 2218; baseline 0.001 -18"><span class='ocrx_word' id='word_1_118' title='bbox 187 2214 188 2218; x_wconf 12' lang='lat'>¹</span> <span class='ocrx_word' id='word_1_119' title='bbox 297 2133 324 2200; x_wconf 71' lang='lat' dir='ltr'><strong>el</strong></span> <span class='ocrx_word' id='word_1_120' title='bbox 340 2164 394 2203; x_wconf 80' lang='grc' dir='ltr'><strong>που</strong></span> <span class='ocrx_word' id='word_1_121' title='bbox 416 2131 455 2198; x_wconf 61' lang='grc' dir='ltr'><strong>ἔτι</strong></span> <span class='ocrx_word' id='word_1_122' title='bbox 478 2131 596 2212; x_wconf 70' lang='grc' dir='ltr'><em>ζώοντος</em></span> <span class='ocrx_word' id='word_1_123' title='bbox 616 2131 734 2200; x_wconf 66' lang='lat' dir='ltr'><strong>duodece</strong></span> <span class='ocrx_word' id='word_1_124' title='bbox 756 2138 859 2205; x_wconf 72' lang='lat' dir='ltr'><strong>natdde</strong></span> <span class='ocrx_word' id='word_1_125' title='bbox 878 2142 949 2209; x_wconf 74' lang='grc' dir='ltr'>ἐμεῖο</span> 
     </span>
     <span class='ocr_line' id='line_1_17' title="bbox 296 2236 1123 2330; baseline 0.007 -27"><span class='ocrx_word' id='word_1_126' title='bbox 296 2236 401 2319; x_wconf 65' lang='grc' dir='ltr'><strong><em>ἦπου</em></strong></span> <span class='ocrx_word' id='word_1_127' title='bbox 424 2245 459 2304; x_wconf 82' lang='grc' dir='ltr'><strong>ἓν</strong></span> <span class='ocrx_word' id='word_1_128' title='bbox 477 2244 686 2330; x_wconf 71' lang='grc' dir='ltr'><strong>Ὀρχομενῷ</strong></span> <span class='ocrx_word' id='word_1_129' title='bbox 705 2238 722 2319; x_wconf 73' lang='grc' dir='ltr'>ἢ</span> <span class='ocrx_word' id='word_1_130' title='bbox 743 2247 776 2306; x_wconf 80' lang='grc' dir='ltr'><strong>ἓν</strong></span> <span class='ocrx_word' id='word_1_131' title='bbox 797 2239 899 2326; x_wconf 64' lang='grc' dir='ltr'>Πύλῳ</span> <span class='ocrx_word' id='word_1_132' title='bbox 922 2240 1123 2320; x_wconf 68' lang='grc' dir='ltr'><strong>ἦμαθοέντι</strong></span> 
     </span>
    </p>
   </div>
   <div class='ocr_carea' id='block_1_7' title="bbox 297 2340 1081 2437">
    <p class='ocr_par' dir='ltr' id='par_1_7' title="bbox 297 2340 1081 2437">
     <span class='ocr_line' id='line_1_18' title="bbox 303 2340 1048 2374; baseline 0 -3"><span class='ocrx_word' id='word_1_133' title='bbox 303 2340 316 2371; x_wconf 70' lang='lat' dir='ltr'><strong>t</strong></span> <span class='ocrx_word' id='word_1_134' title='bbox 496 2347 504 2369; x_wconf 74' lang='lat'>²</span> <span class='ocrx_word' id='word_1_135' title='bbox 657 2344 664 2367; x_wconf 77' lang='grc' dir='ltr'><em>Ι</em></span> <span class='ocrx_word' id='word_1_136' title='bbox 719 2352 728 2374; x_wconf 73' lang='lat'><em>2</em></span> <span class='ocrx_word' id='word_1_137' title='bbox 757 2346 764 2370; x_wconf 73' lang='lat' dir='ltr'><strong>t</strong></span> <span class='ocrx_word' id='word_1_138' title='bbox 859 2345 867 2368; x_wconf 84' lang='grc' dir='ltr'><strong><em>Ι</em></strong></span> <span class='ocrx_word' id='word_1_139' title='bbox 981 2350 989 2372; x_wconf 74' lang='lat'><strong>³</strong></span> <span class='ocrx_word' id='word_1_140' title='bbox 1040 2346 1048 2371; x_wconf 79' lang='lat' dir='ltr'><strong>t</strong></span> 
     </span>
     <span class='ocr_line' id='line_1_19' title="bbox 297 2354 1081 2437; baseline -0.004 -26"><span class='ocrx_word' id='word_1_141' title='bbox 297 2375 402 2425; x_wconf 70' lang='grc' dir='ltr'>ἦπου</span> <span class='ocrx_word' id='word_1_142' title='bbox 424 2375 492 2435; x_wconf 74' lang='grc' dir='ltr'><strong>παρ</strong></span> <span class='ocrx_word' id='word_1_143' title='bbox 527 2358 694 2428; x_wconf 75' lang='grc' dir='ltr'>Μενελαῳ</span> <span class='ocrx_word' id='word_1_144' title='bbox 716 2378 765 2410; x_wconf 77' lang='grc' dir='ltr'><strong>ενι</strong></span> <span class='ocrx_word' id='word_1_145' title='bbox 786 2354 930 2435; x_wconf 72' lang='grc' dir='ltr'><em>Σπαρτῃ</em></span> <span class='ocrx_word' id='word_1_146' title='bbox 953 2375 1081 2437; x_wconf 68' lang='grc' dir='ltr'><strong>ευρειῃς</strong></span> 
     </span>
    </p>
   </div>
   <div class='ocr_carea' id='block_1_8' title="bbox 109 2519 1270 3273">
    <p class='ocr_par' dir='ltr' id='par_1_8' title="bbox 109 2519 1270 3273">
     <span class='ocr_line' id='line_1_20' title="bbox 159 2519 1268 2609; baseline 0.003 -22"><span class='ocrx_word' id='word_1_147' title='bbox 159 2519 247 2608; x_wconf 83' lang='lat' dir='ltr'><strong>Quae</strong></span> <span class='ocrx_word' id='word_1_148' title='bbox 276 2520 374 2587; x_wconf 84' lang='lat' dir='ltr'><strong>verba</strong></span> <span class='ocrx_word' id='word_1_149' title='bbox 400 2525 442 2587; x_wconf 90' lang='lat' dir='ltr'><strong>ita</strong></span> <span class='ocrx_word' id='word_1_150' title='bbox 472 2521 673 2608; x_wconf 88' lang='lat' dir='ltr'><strong>intelligenda</strong></span> <span class='ocrx_word' id='word_1_151' title='bbox 701 2532 787 2602; x_wconf 92' lang='lat' dir='ltr'><strong>sunt,</strong></span> <span class='ocrx_word' id='word_1_152' title='bbox 818 2532 855 2587; x_wconf 89' lang='lat' dir='ltr'><strong>ut</strong></span> <span class='ocrx_word' id='word_1_153' title='bbox 877 2522 1093 2609; x_wconf 86' lang='lat' dir='ltr'><strong>Agamemnon</strong></span> <span class='ocrx_word' id='word_1_154' title='bbox 1116 2545 1154 2589; x_wconf 86' lang='lat' dir='ltr'><strong>ex</strong></span> <span class='ocrx_word' id='word_1_155' title='bbox 1174 2524 1268 2591; x_wconf 84' lang='lat' dir='ltr'><strong>Ulixe</strong></span> 
     </span>
     <span class='ocr_line' id='line_1_21' title="bbox 163 2634 1270 2722; baseline 0.002 -23"><span class='ocrx_word' id='word_1_156' title='bbox 163 2645 298 2718; x_wconf 89' lang='lat' dir='ltr'><strong>quaerat,</strong></span> <span class='ocrx_word' id='word_1_157' title='bbox 327 2657 402 2699; x_wconf 90' lang='lat' dir='ltr'><strong>num</strong></span> <span class='ocrx_word' id='word_1_158' title='bbox 432 2634 510 2720; x_wconf 92' lang='lat' dir='ltr'><strong>quid</strong></span> <span class='ocrx_word' id='word_1_159' title='bbox 541 2635 580 2699; x_wconf 90' lang='lat' dir='ltr'><strong>de</strong></span> <span class='ocrx_word' id='word_1_160' title='bbox 605 2634 729 2699; x_wconf 85' lang='lat' dir='ltr'><strong>Orestis</strong></span> <span class='ocrx_word' id='word_1_161' title='bbox 757 2634 918 2700; x_wconf 91' lang='lat' dir='ltr'><strong>domicilio</strong></span> <span class='ocrx_word' id='word_1_162' title='bbox 949 2659 987 2700; x_wconf 91' lang='lat' dir='ltr'><strong>ac</strong></span> <span class='ocrx_word' id='word_1_163' title='bbox 1009 2638 1155 2722; x_wconf 83' lang='lat' dir='ltr'><strong>perfugio</strong></span> <span class='ocrx_word' id='word_1_164' title='bbox 1179 2636 1270 2701; x_wconf 91' lang='lat' dir='ltr'><strong>audi·</strong></span> 
     </span>
     <span class='ocr_line' id='line_1_22' title="bbox 161 2746 1268 2830; baseline 0.004 -22"><span class='ocrx_word' id='word_1_165' title='bbox 161 2749 232 2811; x_wconf 77' lang='lat' dir='ltr'><strong>verit</strong></span> <span class='ocrx_word' id='word_1_166' title='bbox 254 2757 309 2811; x_wconf 93' lang='lat' dir='ltr'><strong>aut</strong></span> <span class='ocrx_word' id='word_1_167' title='bbox 332 2746 527 2812; x_wconf 88' lang='lat' dir='ltr'><strong>Orchomeni</strong></span> <span class='ocrx_word' id='word_1_168' title='bbox 557 2754 611 2809; x_wconf 92' lang='lat' dir='ltr'><strong>aut</strong></span> <span class='ocrx_word' id='word_1_169' title='bbox 633 2747 707 2830; x_wconf 89' lang='lat' dir='ltr'><strong>Pyli</strong></span> <span class='ocrx_word' id='word_1_170' title='bbox 736 2758 790 2809; x_wconf 92' lang='lat' dir='ltr'><strong>aut</strong></span> <span class='ocrx_word' id='word_1_171' title='bbox 813 2747 955 2830; x_wconf 88' lang='lat' dir='ltr'><strong>Spartae.</strong></span> <span class='ocrx_word' id='word_1_172' title='bbox 1000 2747 1082 2809; x_wconf 89' lang='lat' dir='ltr'><strong>Nam</strong></span> <span class='ocrx_word' id='word_1_173' title='bbox 1106 2747 1147 2810; x_wconf 94' lang='grc' dir='ltr'><strong>Ο.</strong></span> <span class='ocrx_word' id='word_1_174' title='bbox 1163 2748 1268 2812; x_wconf 88' lang='lat' dir='ltr'><strong>Muel-</strong></span> 
     </span>
     <span class='ocr_line' id='line_1_23' title="bbox 163 2850 1268 2943; baseline 0.005 -25"><span class='ocrx_word' id='word_1_175' title='bbox 163 2853 267 2938; x_wconf 91' lang='lat' dir='ltr'><strong>lerum,</strong></span> <span class='ocrx_word' id='word_1_176' title='bbox 298 2861 356 2943; x_wconf 93' lang='lat' dir='ltr'><strong>qui</strong></span> <span class='ocrx_word' id='word_1_177' title='bbox 384 2857 424 2921; x_wconf 95' lang='lat' dir='ltr'><strong>ad</strong></span> <span class='ocrx_word' id='word_1_178' title='bbox 446 2881 475 2921; x_wconf 87' lang='lat' dir='ltr'><strong>v.</strong></span> <span class='ocrx_word' id='word_1_179' title='bbox 493 2857 557 2922; x_wconf 75' lang='lat'><strong>459</strong></span> <span class='ocrx_word' id='word_1_180' title='bbox 577 2880 624 2942; x_wconf 88' lang='lat' dir='ltr'><strong>sq.</strong></span> <span class='ocrx_word' id='word_1_181' title='bbox 647 2879 715 2921; x_wconf 91' lang='lat' dir='ltr'><strong>nou</strong></span> <span class='ocrx_word' id='word_1_182' title='bbox 736 2855 871 2920; x_wconf 87' lang='lat' dir='ltr'><strong>verbum</strong></span> <span class='ocrx_word' id='word_1_183' title='bbox 898 2850 1031 2942; x_wconf 71' lang='grc' dir='ltr'><strong>ζώοντος,</strong></span> <span class='ocrx_word' id='word_1_184' title='bbox 1060 2855 1117 2919; x_wconf 92' lang='lat' dir='ltr'><strong>sed</strong></span> <span class='ocrx_word' id='word_1_185' title='bbox 1145 2854 1268 2924; x_wconf 66' lang='lat' dir='ltr'><strong>densim</strong></span> 
     </span>
     <span class='ocr_line' id='line_1_24' title="bbox 109 2967 1268 3057; baseline 0.003 -28"><span class='ocrx_word' id='word_1_186' title='bbox 109 3039 111 3057; x_wconf 46' lang='grc' dir='ltr'>Ι</span> <span class='ocrx_word' id='word_1_187' title='bbox 165 2967 352 3055; x_wconf 75' lang='lat' dir='ltr'><strong>relert³¹³),</strong></span> <span class='ocrx_word' id='word_1_188' title='bbox 382 2968 561 3033; x_wconf 89' lang='lat' dir='ltr'><strong>Nitzschius</strong></span> <span class='ocrx_word' id='word_1_189' title='bbox 588 2972 659 3055; x_wconf 87' lang='lat' dir='ltr'><strong>jure</strong></span> <span class='ocrx_word' id='word_1_190' title='bbox 684 2967 899 3054; x_wconf 74' lang='lat' dir='ltr'><strong>refellit²¹⁴).</strong></span> <span class='ocrx_word' id='word_1_191' title='bbox 945 2968 1060 3032; x_wconf 89' lang='lat' dir='ltr'><strong>lllirum</strong></span> <span class='ocrx_word' id='word_1_192' title='bbox 1085 2977 1188 3032; x_wconf 90' lang='lat' dir='ltr'><strong>autem</strong></span> <span class='ocrx_word' id='word_1_193' title='bbox 1212 2979 1268 3049; x_wconf 88' lang='lat' dir='ltr'><strong>est,</strong></span> 
     </span>
     <span class='ocr_line' id='line_1_25' title="bbox 109 3079 1268 3167; baseline 0.003 -25"><span class='ocrx_word' id='word_1_194' title='bbox 109 3119 116 3160; x_wconf 52' lang='grc' dir='ltr'>ι</span> <span class='ocrx_word' id='word_1_195' title='bbox 168 3081 241 3160; x_wconf 91' lang='lat' dir='ltr'><strong>quod</strong></span> <span class='ocrx_word' id='word_1_196' title='bbox 255 3084 360 3167; x_wconf 89' lang='lat' dir='ltr'><strong>primo</strong></span> <span class='ocrx_word' id='word_1_197' title='bbox 376 3080 450 3145; x_wconf 92' lang='lat' dir='ltr'><strong>loco</strong></span> <span class='ocrx_word' id='word_1_198' title='bbox 468 3081 700 3160; x_wconf 87' lang='lat' dir='ltr'><strong>Orchomenus,</strong></span> <span class='ocrx_word' id='word_1_199' title='bbox 722 3079 865 3146; x_wconf 87' lang='lat' dir='ltr'><strong>secundo</strong></span> <span class='ocrx_word' id='word_1_200' title='bbox 885 3080 1001 3166; x_wconf 85' lang='lat' dir='ltr'><strong>Pylus,</strong></span> <span class='ocrx_word' id='word_1_201' title='bbox 1030 3081 1156 3165; x_wconf 90' lang='lat' dir='ltr'><strong>Sparta,</strong></span> <span class='ocrx_word' id='word_1_202' title='bbox 1184 3103 1268 3165; x_wconf 91' lang='lat' dir='ltr'><strong>quae</strong></span> 
     </span>
     <span class='ocr_line' id='line_1_26' title="bbox 169 3191 1268 3273; baseline 0.005 -20"><span class='ocrx_word' id='word_1_203' title='bbox 169 3194 252 3272; x_wconf 85' lang='lat' dir='ltr'><strong>priua</strong></span> <span class='ocrx_word' id='word_1_204' title='bbox 286 3192 480 3259; x_wconf 87' lang='lat' dir='ltr'><strong>nominanda</strong></span> <span class='ocrx_word' id='word_1_205' title='bbox 516 3202 597 3273; x_wconf 84' lang='lat' dir='ltr'><strong>erat,</strong></span> <span class='ocrx_word' id='word_1_206' title='bbox 636 3196 730 3258; x_wconf 85' lang='lat' dir='ltr'><strong>tertio</strong></span> <span class='ocrx_word' id='word_1_207' title='bbox 765 3191 891 3257; x_wconf 91' lang='lat' dir='ltr'><strong>demum</strong></span> <span class='ocrx_word' id='word_1_208' title='bbox 924 3191 999 3257; x_wconf 93' lang='lat' dir='ltr'><strong>loco</strong></span> <span class='ocrx_word' id='word_1_209' title='bbox 1041 3212 1268 3258; x_wconf 89' lang='lat' dir='ltr'><strong>commemore-</strong></span> 
     </span>
    </p>
   </div>
   <div class='ocr_carea' id='block_1_9' title="bbox 174 3383 361 3404">
    <p class='ocr_par' dir='ltr' id='par_1_9' title="bbox 174 3383 361 3404">
     <span class='ocr_line' id='line_1_27' title="bbox 174 3383 361 3404; baseline 0 0"><span class='ocrx_word' id='word_1_210' title='bbox 174 3383 361 3404; x_wconf 36' lang='lat' dir='ltr'><strong>Q—</strong></span> 
     </span>
    </p>
   </div>
   <div class='ocr_carea' id='block_1_10' title="bbox 109 3531 1269 4043">
    <p class='ocr_par' dir='ltr' id='par_1_10' title="bbox 109 3531 1269 4043">
     <span class='ocr_line' id='line_1_28' title="bbox 113 3531 1269 3613; baseline -0.003 -20"><span class='ocrx_word' id='word_1_211' title='bbox 113 3531 126 3613; x_wconf 32' lang='grc' dir='ltr'><strong>ι,</strong></span> <span class='ocrx_word' id='word_1_212' title='bbox 231 3531 292 3607; x_wconf 84' lang='lat'>²¹³)</span> <span class='ocrx_word' id='word_1_213' title='bbox 330 3533 462 3592; x_wconf 84' lang='lat' dir='ltr'><strong>Orchom.</strong></span> <span class='ocrx_word' id='word_1_214' title='bbox 485 3554 513 3609; x_wconf 90' lang='lat' dir='ltr'><strong>p.</strong></span> <span class='ocrx_word' id='word_1_215' title='bbox 535 3533 588 3592; x_wconf 83' lang='lat' dir='ltr'><strong>2l5</strong></span> <span class='ocrx_word' id='word_1_216' title='bbox 607 3555 668 3610; x_wconf 75' lang='lat' dir='ltr'><strong>sq.=</strong></span> <span class='ocrx_word' id='word_1_217' title='bbox 698 3534 765 3592; x_wconf 83' lang='lat' dir='ltr'><strong>Dafs</strong></span> <span class='ocrx_word' id='word_1_218' title='bbox 785 3535 903 3604; x_wconf 83' lang='lat' dir='ltr'><strong>Nestor,</strong></span> <span class='ocrx_word' id='word_1_219' title='bbox 927 3534 988 3592; x_wconf 83' lang='lat' dir='ltr'><strong>dass</strong></span> <span class='ocrx_word' id='word_1_220' title='bbox 1010 3533 1148 3590; x_wconf 84' lang='lat' dir='ltr'><strong>Menelaos</strong></span> <span class='ocrx_word' id='word_1_221' title='bbox 1169 3532 1269 3590; x_wconf 86' lang='lat' dir='ltr'><strong>Kunde</strong></span> 
     </span>
     <span class='ocr_line' id='line_1_29' title="bbox 172 3618 1268 3693; baseline 0.002 -16.891"><span class='ocrx_word' id='word_1_222' title='bbox 172 3618 240 3688; x_wconf 71' lang='lat' dir='ltr'><strong>geben</strong></span> <span class='ocrx_word' id='word_1_223' title='bbox 264 3623 350 3680; x_wconf 84' lang='lat' dir='ltr'><strong>sollen</strong></span> <span class='ocrx_word' id='word_1_224' title='bbox 369 3644 424 3681; x_wconf 80' lang='lat' dir='ltr'><strong>von</strong></span> <span class='ocrx_word' id='word_1_225' title='bbox 446 3627 508 3680; x_wconf 88' lang='lat' dir='ltr'><strong>dem</strong></span> <span class='ocrx_word' id='word_1_226' title='bbox 528 3628 747 3693; x_wconf 87' lang='lat' dir='ltr'><strong>Atridenhause,</strong></span> <span class='ocrx_word' id='word_1_227' title='bbox 776 3629 812 3682; x_wconf 87' lang='lat' dir='ltr'><strong>ist</strong></span> <span class='ocrx_word' id='word_1_228' title='bbox 834 3627 911 3683; x_wconf 85' lang='lat' dir='ltr'><strong>nicht</strong></span> <span class='ocrx_word' id='word_1_229' title='bbox 936 3646 970 3680; x_wconf 86' lang='lat' dir='ltr'><strong>zu</strong></span> <span class='ocrx_word' id='word_1_230' title='bbox 990 3627 1189 3688; x_wconf 75' lang='lat' dir='ltr'><strong>veroundern,</strong></span> <span class='ocrx_word' id='word_1_231' title='bbox 1210 3623 1268 3678; x_wconf 91' lang='lat' dir='ltr'><strong>und</strong></span> 
     </span>
     <span class='ocr_line' id='line_1_30' title="bbox 109 3701 1266 3790; baseline 0 -24"><span class='ocrx_word' id='word_1_232' title='bbox 109 3714 124 3739; x_wconf 77' lang='lat'><strong>&#39;⁶</strong></span> <span class='ocrx_word' id='word_1_233' title='bbox 172 3703 391 3788; x_wconf 11' lang='lat' dir='ltr'><strong>iberdiessusund</strong></span> <span class='ocrx_word' id='word_1_234' title='bbox 414 3715 505 3790; x_wconf 74' lang='lat' dir='ltr'><strong>Pylos,</strong></span> <span class='ocrx_word' id='word_1_235' title='bbox 526 3716 596 3770; x_wconf 88' lang='lat' dir='ltr'><strong>nach</strong></span> <span class='ocrx_word' id='word_1_236' title='bbox 615 3716 677 3769; x_wconf 88' lang='lat' dir='ltr'><strong>dem</strong></span> <span class='ocrx_word' id='word_1_237' title='bbox 699 3701 894 3769; x_wconf 79' lang='lat' dir='ltr'><strong>Homerisclren</strong></span> <span class='ocrx_word' id='word_1_238' title='bbox 915 3715 1058 3787; x_wconf 84' lang='lat' dir='ltr'><strong>Hymnos,</strong></span> <span class='ocrx_word' id='word_1_239' title='bbox 1079 3712 1121 3785; x_wconf 85' lang='lat' dir='ltr'><strong>[in</strong></span> <span class='ocrx_word' id='word_1_240' title='bbox 1141 3712 1266 3786; x_wconf 81' lang='lat' dir='ltr'><strong>Apolliu.</strong></span> 
     </span>
     <span class='ocr_line' id='line_1_31' title="bbox 171 3788 1269 3881; baseline -0.003 -19"><span class='ocrx_word' id='word_1_241' title='bbox 171 3809 192 3848; x_wconf 76' lang='lat' dir='ltr'><strong>v·</strong></span> <span class='ocrx_word' id='word_1_242' title='bbox 208 3805 254 3862; x_wconf 79' lang='lat'><strong>³96</strong></span> <span class='ocrx_word' id='word_1_243' title='bbox 274 3807 375 3881; x_wconf 50' lang='grc' dir='ltr'><strong>ψη</strong></span> <span class='ocrx_word' id='word_1_244' title='bbox 394 3807 422 3860; x_wconf 75' lang='lat' dir='ltr'><strong>in</strong></span> <span class='ocrx_word' id='word_1_245' title='bbox 447 3788 555 3859; x_wconf 63' lang='lat' dir='ltr'><strong>iissem</strong></span> <span class='ocrx_word' id='word_1_246' title='bbox 581 3802 821 3859; x_wconf 61' lang='lat' dir='ltr'><strong>insueverant·</strong></span> <span class='ocrx_word' id='word_1_247' title='bbox 845 3805 896 3858; x_wconf 80' lang='lat' dir='ltr'><strong>mo</strong></span> <span class='ocrx_word' id='word_1_248' title='bbox 922 3804 1020 3857; x_wconf 67' lang='lat' dir='ltr'><strong>area:</strong></span> <span class='ocrx_word' id='word_1_249' title='bbox 1050 3803 1116 3856; x_wconf 75' lang='lat' dir='ltr'><strong>aber</strong></span> <span class='ocrx_word' id='word_1_250' title='bbox 1134 3803 1195 3857; x_wconf 72' lang='lat' dir='ltr'><strong>aas</strong></span> <span class='ocrx_word' id='word_1_251' title='bbox 1214 3802 1269 3859; x_wconf 77' lang='lat' dir='ltr'><strong>or.</strong></span> 
     </span>
     <span class='ocr_line' id='line_1_32' title="bbox 118 3883 1269 3972; baseline 0.012 -35"><span class='ocrx_word' id='word_1_252' title='bbox 118 3894 124 3931; x_wconf 77' lang='grc' dir='ltr'>ΐ</span> <span class='ocrx_word' id='word_1_253' title='bbox 172 3883 312 3962; x_wconf 83' lang='lat' dir='ltr'><strong>chomenos,</strong></span> <span class='ocrx_word' id='word_1_254' title='bbox 333 3898 368 3951; x_wconf 83' lang='lat' dir='ltr'><strong>ist</strong></span> <span class='ocrx_word' id='word_1_255' title='bbox 388 3916 456 3971; x_wconf 86' lang='lat' dir='ltr'><strong>ganz</strong></span> <span class='ocrx_word' id='word_1_256' title='bbox 476 3895 557 3951; x_wconf 89' lang='lat' dir='ltr'><strong>allein</strong></span> <span class='ocrx_word' id='word_1_257' title='bbox 577 3897 626 3950; x_wconf 84' lang='lat' dir='ltr'><strong>der</strong></span> <span class='ocrx_word' id='word_1_258' title='bbox 639 3895 863 3972; x_wconf 84' lang='lat' dir='ltr'><strong>Voraussetzung</strong></span> <span class='ocrx_word' id='word_1_259' title='bbox 881 3893 1105 3958; x_wconf 81' lang='lat' dir='ltr'><strong>zuzusolrreiben,</strong></span> <span class='ocrx_word' id='word_1_260' title='bbox 1125 3893 1186 3949; x_wconf 85' lang='lat' dir='ltr'><strong>dass</strong></span> <span class='ocrx_word' id='word_1_261' title='bbox 1204 3894 1269 3951; x_wconf 86' lang='lat' dir='ltr'><strong>dort</strong></span> 
     </span>
     <span class='ocr_line' id='line_1_33' title="bbox 172 3969 1158 4043; baseline 0.003 -6"><span class='ocrx_word' id='word_1_262' title='bbox 172 3969 386 4042; x_wconf 77' lang='lat' dir='ltr'><strong>Zuammenssuss</strong></span> <span class='ocrx_word' id='word_1_263' title='bbox 406 4005 462 4043; x_wconf 81' lang='lat' dir='ltr'><strong>ron</strong></span> <span class='ocrx_word' id='word_1_264' title='bbox 483 3987 617 4042; x_wconf 85' lang='lat' dir='ltr'><strong>Fremdeu</strong></span> <span class='ocrx_word' id='word_1_265' title='bbox 635 3984 755 4043; x_wconf 83' lang='lat' dir='ltr'><strong>vielcrlei</strong></span> <span class='ocrx_word' id='word_1_266' title='bbox 774 3986 875 4043; x_wconf 85' lang='lat' dir='ltr'><strong>Kunde</strong></span> <span class='ocrx_word' id='word_1_267' title='bbox 893 3982 1158 4043; x_wconf 73' lang='lat' dir='ltr'><strong>zusammenstihrt.”</strong></span> 
     </span>
    </p>
   </div>
   <div class='ocr_carea' id='block_1_11' title="bbox 232 4109 722 4187">
    <p class='ocr_par' dir='ltr' id='par_1_11' title="bbox 232 4109 722 4187">
     <span class='ocr_line' id='line_1_34' title="bbox 232 4109 722 4187; baseline -0.014 -15"><span class='ocrx_word' id='word_1_268' title='bbox 232 4109 293 4184; x_wconf 80' lang='lat'>²¹⁴)</span> <span class='ocrx_word' id='word_1_269' title='bbox 330 4111 350 4171; x_wconf 85' lang='lat' dir='ltr'><strong>l.</strong></span> <span class='ocrx_word' id='word_1_270' title='bbox 370 4112 391 4171; x_wconf 79' lang='lat' dir='ltr'><strong>l.</strong></span> <span class='ocrx_word' id='word_1_271' title='bbox 412 4111 478 4172; x_wconf 85' lang='lat' dir='ltr'><strong>Vol.</strong></span> <span class='ocrx_word' id='word_1_272' title='bbox 494 4113 547 4168; x_wconf 90' lang='lat'>111.</span> <span class='ocrx_word' id='word_1_273' title='bbox 569 4132 596 4187; x_wconf 90' lang='lat' dir='ltr'><strong>p.</strong></span> <span class='ocrx_word' id='word_1_274' title='bbox 614 4114 722 4185; x_wconf 76' lang='lat' dir='ltr'><strong>tttsq.</strong></span> 
     </span>
    </p>
   </div>
   <div class='ocr_carea' id='block_1_12' title="bbox 0 0 1429 4898">
    <p class='ocr_par' dir='ltr' id='par_1_12' title="bbox 0 0 1429 4898">
     <span class='ocr_line' id='line_1_35' title="bbox 0 0 1429 4898; baseline 0 0"><span class='ocrx_word' id='word_1_275' title='bbox 0 0 1429 4898; x_wconf 95' lang='lat' dir='ltr'><strong> </strong></span> 
     </span>
    </p>
   </div>
  </div>
 </body>
</html>
