2842 4898
563 354 611 428 53

17 542 108 609 ribus
130 541 271 606 carmina
294 537 522 620 coalescerent,
544 547 577 604 et
600 542 811 627 compositum
829 545 907 608 etin
921 536 1050 612 Νεκυίαν
1072 540 1141 606 illa-

18 664 86 720 tum
108 674 180 719 esse
201 648 449 738 pempexi¹²⁷).

469 783 499 826 v.
525 762 693 827 565-600.

20 897 99 942 cum
118 870 280 940 veteribus
306 872 514 960 grammaticis
541 873 751 959 plurimisque
779 876 960 940 criticomm
981 876 1138 943 recentio-

20 1009 94 1053 rum
117 1007 177 1073 pro
200 987 408 1072 supposititiis
431 982 537 1049 habeo
552 980 642 1068 128);
665 986 699 1048 in
723 1007 860 1070 quorum
882 989 1023 1051 virorum
1046 1009 1138 1073 argu-

22 1101 138 1164 mentis
160 1100 361 1182 acquiescere
381 1099 415 1161 in
437 1097 615 1182 praesentia
637 1095 712 1159 mihi
735 1097 938 1163 commodum
961 1096 1106 1181 est¹⁹⁹).

517 1251 547 1291 v.
571 1227 646 1292 631.

225 1338 331 1419 Θησέα
349 1333 491 1430 Πειρίθοόν
511 1335 638 1416 τηθῶν
659 1336 792 1427 ἐρικυδέα
814 1336 911 1407 τέκνα.

25 1477 229 1542 aPisistrato
258 1478 458 1540 intersertum
491 1493 562 1549 esse
590 1472 712 1538 Hereas
742 1472 837 1539 tradit
866 1471 952 1559 apud
979 1471 1137 1539 Plutarch.

24 1588 118 1654 Thes.
142 1591 201 1652 20:

180 1718 279 1793 Δοοοδς
296 1716 359 1808 peip
376 1747 428 1807 μον
447 1715 545 1806 ἔτειρεν
566 1715 634 1804 ἔρως
652 1712 835 1793 Πανοπηΐδος
852 1715 976 1806 Αἴγλης.

28 1853 121 1921 Τοῢτο
147 1848 206 1940 peip
231 1849 265 1924 ri
291 1852 359 1929 ἔπος
384 1853 419 1922 ἐκ
443 1851 500 1921 τῶν
523 1848 661 1921 Ἡοοὸὃου
680 1847 887 1941 Πεισίστρατον
911 1848 1020 1942 ἔξελεῒν
1047 1859 1138 1940 φησιν

26 1963 127 2053 Ἡρέας
148 1968 161 2033 ὁ
182 1961 348 2054 Μεγαρεύς.
389 1962 482 2056 ὥςπερ
507 1959 549 2034 αὖ
575 1956 669 2032 πάλιν
695 1961 845 2051 ἔμβαλεῒν
870 1961 908 2035 εἷς
930 1958 979 2037 τὴν
1001 1957 1136 2050 Ὀμήρου

28 2071 140 2146 οεκυίαο
158 2071 205 2144 ro'·
232 2074 335 2153 Θηοία
350 2073 490 2165 Πειρίθοόν
508 2103 541 2144 το
557 2087 626 2144 κτλ,

114 2209 233 2296 Neque
260 2212 327 2275 scio
355 2231 397 2276 arr
423 2209 506 2276 idem
535 2211 699 2275 Pisistrato
732 2206 935 2273 tribuendum
964 2209 1019 2288 sit,
1047 2203 1139 2298 quod

31 2320 248 2404 Onomacrito,
271 2344 366 2408 quem
388 2345 461 2388 cum
484 2321 603 2388 scholia
626 2321 768 2386 dicerent
789 2320 843 2384 illa
864 2319 906 2384 de
928 2318 1067 2382 Hercule
1089 2321 1137 2380 in-

30 2441 71 2498 ter
99 2433 183 2499 deos
209 2433 312 2498 relato
339 2434 440 2498 verba
461 2438 495 2497 in
515 2433 689 2499 Homerum
716 2429 873 2508 intulisse,
900 2425 1053 2514 rhapsodi
1081 2424 1137 2489 ali-

31 2548 119 2632 cujus
149 2544 248 2608 Attici
273 2541 349 2607 loco
376 2546 569 2608 nominatum
597 2566 668 2609 esse
686 2542 830 2607 'vidimus
846 2538 931 2624 ¹³⁰).
978 2531 1079 2626 Quod
1109 2539 1138 2601 si

28 2655 67 2718 ita
92 2664 150 2734 est,
172 2675 283 2717 versus
304 2652 357 2719 ille
379 2653 420 2719 de
438 2655 563 2721 Theseo
586 2657 795 2741 Pirithooque
810 2657 940 2720 omnino
954 2651 1138 2721 Atheniensi

30 2749 368 2856 alicui'adscrihendus
391 2775 447 2832 est.
492 2767 629 2849 Etenim,
657 2779 692 2832 ut
714 2789 796 2852 quae
818 2762 1004 2852 supra¹³¹)
1027 2744 1136 2847 dispu-

27 2880 88 2943 tavi
109 2886 259 2964 repetam,
283 2899 354 2941 cum
376 2879 409 2942 in
430 2877 574 2943 Homero
596 2878 707 2944 litteris
730 2872 945 2962 consignando
968 2868 1138 2959 probabile

30 2992 66 3054 sit
85 2991 283 3055 Pisistratum
304 2988 472 3076 rhapsodis
493 2993 626 3060 maxime
640 2992 752 3056 Atticis
775 3011 867 3054 usum
883 3007 962 3065 esse,
984 2983 1055 3048 fieri
1069 3002 1137 3047 non

29 3111 163 3182 poterat,
191 3104 271 3187 quin
298 3103 321 3165 ii
341 3100 422 3182 loci,
446 3104 502 3187 qui
525 3124 544 3166 a
565 3101 732 3189 rhapsodis
753 3101 815 3166 illis
839 3098 879 3163 ad
900 3100 1051 3183 majorem
1075 3114 1136 3176 po-

27 3212 96 3293 puli
117 3211 358 3278 delectationem
379 3213 603 3278 inllomerum
624 3216 733 3278 inserti
754 3219 852 3290 erant,
874 3211 907 3273 in
921 3208 1136 3272 Pisistrateum

29 3372 228 3391 5—-1

42 3520 46 3524 -
101 3482 162 3554 ¹²⁷)
199 3482 498 3559 cs.inirap.55sqq.

99 3576 161 3650 ¹²⁶)
197 3576 257 3636 Cur
268 3575 415 3634 Herculem
433 3578 468 3634 de
480 3577 532 3634 hac
543 3576 650 3642 ἀθοοῆοεο
662 3579 808 3634 exemerim
822 3577 909 3632 lusius
921 3593 1004 3650 supra
1016 3571 1086 3646 Cap.
1094 3569 1134 3627 11.

24 3669 177 3742 expositum
197 3679 248 3724 est.

101 3762 162 3836 ¹²⁹)
198 3763 234 3819 cl.
249 3761 342 3818 Schol.
361 3763 396 3817 ad
411 3782 436 3818 v.
451 3761 514 3819 568.
530 3766 594 3822 570.
610 3762 674 3819 577.
689 3762 752 3819 593.
773 3754 865 3812 Schol.
878 3756 948 3813 Ven.
964 3751 1054 3810 Catal.
1071 3746 1132 3804 iol.

21 3845 78 3919 (tl,
91 3854 166 3924 597).
187 3851 281 3910 Sohol.
296 3852 380 3908 Pind.
400 3851 447 3912 Ol.
467 3854 492 3920 l,
505 3853 542 3915 97
562 3850 610 3922 (cl.
623 3846 712 3905 Wolf.
733 3845 859 3922 Prolegg.
874 3866 902 3922 p.
917 3841 1057 3903 CCLXX.
1072 3850 1133 3895 not.

21 3938 85 4018 36).
108 3943 142 4000 B.
158 3942 301 4000 Thieraeh.
326 3943 468 4019 Urgestalt
491 3945 519 3998 d.
535 3941 637 4016 Odyss.
653 3960 681 4015 p.
695 3938 731 4000 69
744 3957 805 4012 sqq.
833 3937 886 3994 nd.
902 3936 1054 3991 Hermann.
1073 3928 1093 3986 l.
1112 3928 1132 3986 l.

17 4038 59 4098 P·
68 4038 112 4092 16.
128 4042 164 4092 18
174 4054 237 4110 sqq.
260 4032 382 4090 Nitzsch.
397 4033 417 4089 l.
433 4033 452 4091 l.
468 4032 646 4107 v01.111.p.
663 4025 716 4085 304
731 4047 791 4103 sqq.

100 4128 164 4203 ¹³⁰)
201 4129 291 4205 Supra
310 4149 339 4204 p.
356 4124 401 4184 lid.

100 4223 164 4296 aar)
201 4244 231 4299 P·
247 4219 293 4280 pp
