2842 4898
680 343 731 416 43

232 531 320 616 Ergo
344 549 425 606 eum,
450 527 507 612 qui
527 547 588 612 pro
605 525 668 591 deo
680 526 852 591 Herculem
871 526 1010 607 baberet,
1032 528 1265 598 buncinOrco

145 653 326 708 versantem
349 639 554 724 descripsisse
577 643 672 702 statui
694 638 784 702 nullo
808 636 904 703 modo
927 651 1040 724 potest,
1063 652 1099 705 ut
1115 645 1171 726 qui
1186 644 1267 706 Her-

148 755 255 820 culem
277 762 436 816 mortuum
460 760 491 813 et
514 748 563 812 ad‘
577 750 696 812 inferos
719 750 905 833 proiectum,
929 754 1037 835 potius
1060 751 1101 815 ad
1122 752 1201 816 deos
1217 775 1267 817 re·

150 860 350 946 tulisset⁹⁶).
397 863 509 946 ltaque
540 864 642 923 nostri
671 859 735 922 loci
767 870 928 924 auctorem
965 873 1089 927 constat
1111 865 1266 928 Herculis

151 977 422 1040 consecrationem
445 970 587 1036 noudum
611 973 807 1055 cognovisse.
853 971 954 1056 Quod
974 996 1045 1037 cum
1068 978 1110 1037 ita
1126 979 1174 1052 sit,
1196 996 1267 1038 ver·

151 1109 206 1151 sus
230 1084 386 1149 ooo-604
410 1087 529 1148 seriore
553 1092 654 1145 aetate
676 1081 780 1146 illatos
804 1104 874 1146 esse
888 1087 920 1147 in
935 1083 1062 1149 Νεκυίαν
1084 1096 1179 1168 atque
1194 1105 1267 1149 meo

151 1219 202 1261 me
224 1198 297 1282 jure
319 1199 418 1281 egisse
439 1197 473 1259 in
494 1194 542 1257 bis
556 1191 701 1256 versibus
725 1214 743 1254 a
766 1203 944 1257 ceterorum
966 1193 1081 1257 familia
1099 1197 1268 1281 sejungeri-

150 1308 198 1373 dis
221 1305 429 1393 apparet⁹⁹).

241 1418 308 1482 Sed
331 1413 441 1480 dixerit
457 1415 569 1498 aliquis
581 1413 729 1478 Herculis
745 1413 988 1499 descriptionem
1005 1417 1074 1500 ejus
1091 1417 1171 1477 inter
1187 1415 1266 1480 deos

150 1531 338 1612 receptione
361 1525 488 1610 quidem
516 1528 654 1610 priorem
677 1547 756 1602 esse,
779 1545 885 1607 neque
907 1546 985 1588 vero
1008 1524 1082 1589 iude
1105 1529 1268 1610 consequi,

153 1650 249 1704 ntea
278 1641 320 1702 sit
347 1658 500 1723 germana.
546 1636 645 1720 Quod
674 1646 889 1719 argumentum
918 1658 1011 1720 quam
1040 1640 1079 1700 sit
1101 1637 1268 1716 infirmum,

152 1749 245 1815 facile
273 1751 474 1835 perspicitur.
518 1748 599 1812 Nam
622 1746 791 1811 Herculem
816 1749 878 1831 jum
902 1751 1096 1832 perantiquis
1118 1750 1269 1832 tempori-

152 1860 216 1925 bus
244 1870 304 1945 pro
335 1861 398 1924 deo
422 1858 562 1923 habitum
586 1880 655 1923 esse
680 1880 716 1923 ex
739 1860 875 1920 carmine
898 1858 954 1921 illo
979 1860 1103 1944 cyclico
1126 1860 1269 1944 iutelligi-

152 1980 215 2050 tur,
239 1971 330 2054 quod
349 1970 581 2034 inscribebatur
597 1967 756 2052 Οἰχαλίας
776 1966 888 2036 ἅλωσις
905 1980 936 2032 et
951 1992 968 2032 a
985 1969 1175 2054 Creophylo
1192 1993 1270 2035 cou-

154 2086 309 2167 scriptum
333 2082 432 2145 iuisse
453 2068 645 2166 perbihetur.
678 2081 716 2144 lu
740 2101 806 2164 quo
825 2082 961 2143 carmine
976 2081 1123 2166 Herculis
1139 2085 1171 2143 in
1184 2081 1269 2144 Octa

155 2203 267 2257 monte
290 2195 484 2256 exustionem
509 2190 697 2256 celebratam
719 2193 817 2256 fuisse
840 2202 935 2275 atque
958 2193 1039 2255 iuter
1062 2190 1140 2255 deos
1159 2215 1270 2277 recep,-

153 2307 274 2368 tionem
298 2302 495 2367 Welclrcrus
509 2304 550 2367 V.
563 2302 613 2368 Cl.
629 2314 692 2367 tam
716 2314 862 2367 accurate
879 2301 1104 2367 demonstravit
1119 2305 1126 2336 ¹
1139 2303 1202 2386 ⁰⁰),
1225 2313 1269 2382 ut,

152 2437 346 2499 quamquam
367 2415 434 2478 iere
456 2415 580 2476 nullum
602 2414 686 2474 illius
711 2417 853 2478 carminis
872 2436 999 2478 versum
1022 2416 1169 2497 iniquitas
1192 2423 1269 2478 tem-

152 2545 274 2611 porum
301 2520 397 2584 nobis
424 2524 622 2605 superstitem
652 2542 722 2585 esse
744 2523 857 2605 voluit,
886 2526 945 2590 hac
968 2524 1008 2589 de
1031 2547 1065 2589 re
1087 2536 1192 2589 tamen
1214 2547 1270 2589 ne-

157 2643 256 2718 queat
279 2630 423 2695 dubitari.
467 2633 587 2696 Facere
610 2636 703 2718 igitur
725 2655 791 2698 nou
814 2641 997 2722 poterimus,
1024 2641 1100 2724 quin
1123 2637 1270 2701 Herculis

153 2743 400 2827 descriptionem
424 2742 463 2806 ad
486 2743 519 2807 id
542 2747 645 2829 ipsum
668 2755 803 2830 tempus,
827 2770 894 2833 quo
918 2749 978 2811 alia
1001 2771 1104 2833 eaque
1125 2770 1270 2834 germana

153 2857 325 2919 Homerica
349 2857 483 2917 carmina
507 2855 791 2939 componebantur,
813 2860 993 2922 referamus.

246 2963 349 3049 Quod
378 2968 404 3028 si
430 2964 524 3030 nobis
548 2980 735 3032 concessum
766 2973 838 3048 erit,
863 2969 954 3034 facile
979 2990 1061 3054 quae
1084 2968 1178 3033 luerit
1199 2991 1270 3032 ver-

154 3099 248 3141 suum
273 3074 420 3140 602-604
443 3078 729 3162 supponendorum
751 3084 832 3144 ratio
851 3080 1144 3166 comprehendetur.
1189 3082 1271 3144 Nam

156 3210 228 3251 cum
251 3187 417 3272 populum,
440 3210 547 3251 coram
572 3210 638 3272 quo
662 3193 795 3254 Homeri
818 3196 953 3254 carmina
970 3189 1192 3268 recitabantur,
1215 3213 1270 3254 ve-

155 3299 316 3361 hementer
340 3299 398 3361 hac
429 3297 470 3362 de
492 3299 633 3363 Hercule
662 3299 749 3384 apud
777 3303 896 3365 iuleros
918 3311 1064 3366 versante
1091 3304 1271 3367 narratione

154 3409 278 3474 oliendi
306 3431 437 3474 necesse
466 3421 562 3476 esset:
592 3409 759 3495 rhapsodi,
789 3416 844 3496 qui
866 3417 994 3497 gratiam
1017 3413 1133 3499 populi
1155 3435 1192 3477 ac
1213 3411 1271 3477 be-

151 3555 360 3570 —-

232 3644 278 3714 ³⁸)
316 3644 349 3697 Et
368 3641 421 3698 tale
439 3643 505 3717 quid
524 3661 617 3698 revera
637 3642 741 3696 sactum
761 3652 802 3696 est
820 3642 856 3696 ci.
872 3653 901 3714 p.
916 3639 951 3698 l3
965 3665 1008 3716 sq.

233 3736 277 3810 ³⁹)
316 3739 348 3792 lu
371 3737 466 3790 eodem
492 3735 547 3788 sere
570 3734 706 3788 sententia
732 3733 901 3785 Nitzscbium
926 3733 1027 3786 versari
1050 3752 1083 3788 ex
1106 3736 1164 3808 ejus
1183 3735 1272 3789 verbis

153 3830 331 3904 perspicuum
355 3837 412 3888 est,
437 3825 538 3898 quibus
550 3822 675 3896 ‘aliquam
695 3821 823 3874 Herculis
843 3821 943 3874 inserui
963 3822 1109 3894 imaginem
1129 3823 1197 3874 dicit
1215 3843 1271 3895 Jam
1353 3828 1358 3839 '

150 3921 231 3996 prius
250 3920 280 3974 in
301 3919 453 3972 Homerum
474 3914 577 3966 illatam
596 3912 693 3976 luisse,
721 3931 803 3984 quam
825 3909 1031 3974 Onomacritus‚
1052 3930 1086 3964 ue
1105 3908 1272 3984 discreparet

150 4031 168 4067 ιι
187 4009 287 4086 populi
312 4007 443 4082 opinione
462 4003 615 4066 Homerus,
635 4018 727 4055 versus
746 3998 879 4056 602.60u
897 3999 1048 4074 adjecisset.
1076 4001 1199 4060 Nitzseb.
1214 4003 1235 4062 l.
1248 4003 1269 4061 l.

150 4100 219 4161 vor.
237 4101 291 4155 ιιι.
307 4118 334 4172 p.
351 4091 416 4157 ³119·

230 4194 295 4266 roo)
334 4189 443 4266 Episcb·
458 4185 538 4265 Cycl-
555 4203 584 4262 P·
601 4187 653 4240 233
667 4201 728 4258 sqq'
