2842 4898
811 318 918 411 se

284 519 453 614 ὄλοόῲρονα
480 524 544 590 dici
573 525 618 607 (v.
637 524 734 608 322),
764 523 854 610 quod
875 523 1115 590 Atheniensium
1146 524 1290 589 inimicus
1320 522 1392 588 irris-

286 634 434 720 set¹²³)‚
458 635 545 702 Guil
590 635 766 701 Muellerus
787 647 875 701 recte
897 637 1076 721 suspicatus
1099 633 1243 720 est¹²⁴).

377 750 456 812 Tam
489 746 596 811 brevis
631 744 770 830 deniquo
798 747 984 811 feminarum
1002 749 1328 827 ¹enumeratiofcum
1353 743 1394 808 (le

285 858 433 953 omnihus
461 879 544 943 quae
580 855 766 922 antecedant
800 857 931 923 uberius
960 856 1079 923 dictum
1107 861 1161 938 sit,
1196 879 1264 922 non
1291 855 1392 923 locum

284 969 401 1036 hahere
430 971 492 1034 nisi
517 972 551 1033 in
578 967 644 1033 fine
672 971 861 1037 narrationis
889 967 1022 1034 videtin.
1068 969 1182 1055 Itaque
1210 979 1300 1035 recte
1327 986 1390 1032 sese

282 1075 399 1142 hahent
420 1101 449 1141 v.
474 1079 540 1142 326
555 1099 602 1161 sq.
618 1075 703 1162 ¹²⁵).

704 1227 755 1268 vv.
778 1208 949 1287 328-384,

370 1334 473 1399 Ulixis
497 1354 568 1398 cum
581 1332 784 1398 Phaeacibus·
801 1332 999 1419 colloquium
1022 1339 1220 1402 continentes
1236 1361 1255 1403 a
1269 1334 1394 1409 Naevio

286 1456 417 1512 auctore
446 1446 609 1532 proiectos
639 1465 709 1508 esse
737 1465 833 1530 nego,
864 1448 1005 1539 quamuis
1027 1446 1137 1530 paullo
1162 1448 1230 1512 aliis
1254 1448 1297 1512 ad
1320 1451 1392 1514 ham

286 1561 472 1624 sententiam
501 1555 642 1621 adducar
669 1558 873 1642 argumentis,
909 1576 1003 1640 quam
1030 1577 1114 1641 quae
1142 1555 1247 1622 adhuc
1276 1560 1390 1645 prolata

286 1668 449 1754 snum).
493 1671 601 1754 Atque
627 1688 820 1754 magnopere
846 1669 944 1731 miror
971 1666 1166 1733 Nitzschium
1187 1690 1299 1734 versus
1324 1669 1391 1734 illos

288 1780 485 1846 adulterinos
501 1783 701 1858 existimasse,
725 1782 789 1865 qui,
807 1780 834 1842 si
848 1799 910 1863 pro
925 1781 1078 1864 germanis
1092 1777 1295 1861 haberentur,
1305 1779 1387 1844 valde

286 1895 356 1978 ejus
380 1891 420 1954 de
435 1892 578 1954 Homero
602 1892 787 1954 sententiam
809 1898 915 1952 essent
937 1887 1085 1975 adjuturi.
1130 1891 1213 1955 Nam
1234 1889 1313 1979 illud
1329 1890 1404 1961 col.

285 2002 442 2088 loquium,
465 2004 492 2066 si
513 2000 596 2067 liber
616 2000 801 2065 undecimus
819 1997 973 2087 ejusdem,
996 2002 1087 2087 cujus
1103 2012 1217 2083 sextus,
1240 1984 1385 2090 septimus,

289 2125 435 2194 octavus,
464 2123 580 2199 poetae
602 2123 700 2192 esset,
723 2132 789 2177 non
811 2110 915 2176 solum
940 2132 1008 2176 non
1030 2134 1301 2199 supervacaneum
1322 2134 1385 2192 esse,

285 2245 397 2289 vorum
425 2228 517 2287 etiam
540 2228 672 2288 maxime
694 2226 916 2304 necessarium,
947 2227 1179 2291 accuratissime
1210 2236 1319 2313 potest
1341 2223 1384 2291 (le

286 2336 463 2401 monstrari.
510 2333 637 2420 Quare,
666 2356 738 2398 cum
760 2333 940 2398 Nitzschius
961 2355 1073 2399 versus
1101 2336 1385 2426 328-3842q1p

289 2444 498 2532 βεβλημένους
526 2445 654 2526 haheat,
682 2443 799 2509 librum
825 2443 1026 2510 undecimum
1055 2445 1135 2512 alius
1158 2453 1300 2516 auctoris
1318 2467 1383 2527 esso,

289 2578 384 2640 quarn
408 2559 464 2639 qui
486 2557 597 2619 fecerit
618 2566 748 2634 sextum,
771 2559 946 2641 septimum,
970 2565 1128 2638 octavum,
1151 2560 1307 2628 concedit

376 2663 532 2750 Equidem
561 2663 715 2729 diversam
743 2666 825 2728 viam
853 2668 1012 2752 ingressus
1040 2689 1152 2733 versus
1169 2670 1254 2736 ,illos
1279 2689 1384 2758 suppo
1419 2680 1421 2702 ²

287 2779 402 2843 sititios
426 2798 496 2842 esse
518 2777 593 2841 mihi
614 2779 766 2861 persuasi.
811 2777 894 2842 Nam
916 2799 988 2842 cum
1011 2777 1079 2844 aliis
1102 2786 1288 2867 argumentis
1308 2801 1386 2847 oom-

287 2900 394 2954 motus
420 2887 536 2953 librum
559 2886 760 2953 undecimum
784 2909 909 2953 cannen
932 2888 1088 2976 singulare
1110 2891 1283 2978 aliqnando
1303 2893 1386 2958 luisse

286 3000 523 3078 intellexissem,
550 2999 650 3063 Ulixis
679 3021 751 3063 cum
772 2998 969 3064 Phaeacibus
998 3001 1195 3088 colloquium
1218 3027 1257 3070 ea
1279 3004 1386 3072 demun

288 3120 404 3192 aetate,
427 3132 491 3197 qua
512 3112 545 3175 in
567 3129 666 3174 unum
689 3108 821 3196 aliquod
843 3131 959 3196 poema
981 3112 1103 3200 singula
1125 3113 1168 3181 de
1187 3116 1289 3184 Ulixis
1308 3134 1386 3183 erro·

367 3398 429 3471 ¹²³)
466 3399 502 3455 cl.
519 3399 657 3456 Plutarch.
673 3399 757 3456 Thes.
772 3419 816 3475 cp.
833 3400 880 3456 16:
905 3401 965 3457 istut
981 3403 1027 3478 ‘peip
1045 3401 1115 3467 ἴντως
1130 3407 1238 3476 χωλπδν
1254 3407 1308 3462 alm
1326 3405 1386 3480 peel

288 3485 374 3569 ἐχούσῃ
397 3485 469 3542 πόλει
492 3489 533 3541 nul
553 3494 644 3560 μοῦσαν
666 3486 846 3557 ἀπεχθάνεσθαι.
873 3493 914 3544 καὶ
936 3493 982 3565 γὰρ
1000 3494 1011 3546 i
1031 3500 1107 3558 Μίνως
1124 3500 1169 3554 aial
1187 3501 1300 3556 hatest
1318 3496 1385 3552 aas&
1420 3484 1421 3488 Ἰ

289 3575 377 3637 ἀκούων
395 3579 437 3632 nal
455 3575 622 3650 λοιδορούμενος
638 3582 659 3633 ἐν
676 3583 724 3638 τοῖς
738 3581 857 3639 Ἀττικοῖς
874 3579 998 3655 herispous?
1010 3617 1038 3630 -
1057 3588 1180 3647 Nitzsch.
1196 3589 1252 3649 l,1.
1263 3586 1329 3649 Vol,
1341 3582 1379 3642 lll·

287 3694 317 3752 p.
333 3680 397 3732 251.
411 3677 445 3730 L.
460 3667 601 3746 Stephani.
615 3668 635 3727 l.
650 3669 671 3727 l.
1252 3670 1255 3675 ’

364 3783 427 3858 ¹²⁴)
464 3782 577 3837 Homer.
592 3779 756 3840 Vorschule.
771 3779 815 3835 ed.
832 3780 870 3835 ll.
886 3799 915 3855 p.
932 3787 976 3838 85.

365 3891 428 3968 ¹²⁸)
464 3889 500 3947 cf.
515 3907 598 3964 supra
616 3899 677 3945 not.
692 3893 737 3944 32.
753 3897 781 3942 et
794 3887 865 3943 infru
880 3907 909 3965 p.
920 3894 956 3946 5³
969 3910 1011 3968 sq.

364 3999 427 4074 ¹²⁶)
464 3997 529 4053 ali.
545 3995 687 4054 Thiersch.
717 3994 859 4072 Urgestalt
876 3997 924 4054 des
943 3997 1074 4075 Odyssea.
1114 3998 1370 4083 Konigsberg.tssll›
1404 3984 1410 4004 '⁵

287 4104 316 4161 p.
334 4091 385 4142 125
404 4104 466 4162 sqq.
496 4085 551 4141 Ad.
566 4087 720 4146 Hermann.
740 4085 760 4143 l.
775 4085 795 4144 l.
817 4092 934 4164 p.3sq.
952 4084 985 4144 tlt
997 4106 1043 4163 sq.
1058 4093 1093 4145 25
1106 4106 1170 4164 sqq.
1200 4079 1369 4155 Nitmhll·
1412 4136 1417 4161 ,

285 4174 353 4239 vol.
367 4174 405 4232 Π.
420 4194 449 4251 p.
464 4174 569 4230 XLIX.
584 4173 650 4234 Vol.
667 4178 718 4234 lIl.
734 4195 763 4252 p.
779 4176 833 4233 256
844 4196 888 4250 sq.
903 4175 966 4232 263.

1175 4274 1180 4313 t
