2842 4898
597 353 726 430 67·

178 535 196 613 ἦ
215 535 263 613 μὲν
285 565 330 611 μιν
353 539 478 620 [flerem]
502 532 613 618 νύμφην
635 565 671 618 γε
693 533 752 612 vinu
773 538 1072 623 κατελείπομενζῆμεῒς

179 639 326 733 {effusum
348 637 518 715 πόλεμόνδε·
540 637 608 708 πάϊς
630 637 660 703 δέ
682 647 705 704 οἱ
726 635 758 717 ἧν
780 639 824 707 ἐπὶ
845 646 929 726 μαζῳ

183 755 285 820 vr‘moc,
306 745 337 813 dc
358 774 412 809 που
436 755 483 808 νῦν
505 775 542 828 γε
562 749 625 822 μετ’
648 746 755 835 ἀνδρῶν
776 744 826 823 ἵζει
849 752 973 839 ἀριθμῷ.

63 888 182 976 quibus
204 910 239 952 se
261 885 403 966 eandem,
427 907 521 971 quam
538 885 721 965 Anticleam,
745 893 897 974 temporis
919 893 1072 956 rationem
1088 895 1179 979 sequi

62 999 209 1066 ostendit.
255 999 350 1083 Quae
373 999 618 1084 Agamemnonis
645 997 745 1064 verba
768 1023 854 1081 cum,
882 1024 992 1069 eornm
1017 1026 1099 1089 quae
1123 1028 1178 1071 an·

60 1122 113 1176 tea
136 1112 237 1176 Ulixis
260 1121 358 1175 mater
381 1109 500 1176 dixerat
521 1113 644 1175 ratione
664 1110 779 1192 habita,
803 1113 896 1178 alicui
911 1120 1050 1181 veritatis
1066 1138 1177 1201 super-

62 1223 175 1287 lationi
196 1222 292 1287 tribui
313 1233 473 1307 nequeant
490 1219 578 1304 ¹⁶⁷):
608 1221 686 1306 qnid
708 1222 834 1286 tandem
857 1225 1014 1311 reliquum
1038 1241 1094 1310 est,
1117 1235 1178 1298 nisi

60 1345 97 1398 ut
119 1356 158 1398 ex
179 1333 254 1397 libri
281 1334 439 1399 undecimi
465 1335 604 1397 auctoris
632 1337 784 1398 sententia
806 1337 867 1399 iter
888 1336 968 1402 illud
997 1340 1036 1404 ad
1058 1345 1178 1412 inferos

59 1465 126 1510 non
154 1456 278 1529 septem
308 1467 409 1509 annos
438 1456 508 1510 ante
530 1445 631 1510 Ulixis
658 1448 692 1510 in
719 1445 857 1510 Ithacam
885 1448 1020 1513 reditum
1048 1476 1178 1542 suscep-

59 1567 127 1620 tum
152 1578 223 1621 esse
247 1559 428 1640 opinemur?

151 1669 224 1731 Jam
240 1690 318 1732 vero
342 1673 369 1733 si
389 1691 407 1732 a
424 1680 601 1734 ceterorum
623 1667 777 1734 librorum
793 1672 1019 1757 conjunctione
1033 1687 1176 1743 nostrum

11 1822 16 1869 ².
61 1779 177 1844 librum
201 1783 404 1864 separaveris,
428 1792 523 1866 atque
547 1782 610 1845 alio
632 1791 777 1868 tempore
799 1785 860 1847 iter
878 1783 958 1848 illud
973 1787 1090 1851 lactum
1106 1812 1177 1855 esse

62 1895 221 1971 statueris,
248 1893 325 1957 nihil
347 1891 446 1957 verba
475 1914 581 1980 neque
608 1893 772 1958 Anticleae
798 1916 905 1981 neque
925 1899 1176 1984 Agamemnonis,

63 2025 130 2088 quo
153 2003 324 2084 ollendant,
347 2003 519 2068 habebunt.
566 2004 676 2087 Quid?
698 2026 782 2069 anno
806 2010 940 2092 septimo
956 2020 1030 2093 post
1046 2012 1177 2098 Trojam

63 2126 183 2201 captam
216 2140 287 2181 cum
316 2116 441 2180 Ulixem
474 2117 507 2177 in
534 2113 626 2178 Orco
656 2114 754 2176 luisse
783 2118 948 2195 sumimus,
979 2139 1046 2184 non
1073 2122 1178 2189 solum

63 2226 157 2292 ambo
184 2228 244 2307 illi,
273 2248 357 2313 quos
388 2224 486 2289 modo
515 2227 729 2302 tractavimus,
758 2223 824 2289 loci
850 2225 935 2291 bene
958 2251 1028 2295 sese
1050 2232 1178 2316 habent,

61 2339 117 2403 sed
149 2343 241 2404 etiam
264 2334 319 2403 'me
347 2349 433 2403 recte
465 2336 505 2402 de
531 2337 616 2401 illius
644 2338 763 2400 itineris
794 2359 887 2402 causa
910 2339 1088 2424 disputasse
1102 2343 1176 2427 ¹⁵⁸)

59 2462 203 2538 apparet.
246 2453 330 2513 Nam
357 2453 384 2510 si
411 2450 467 2510 illo
496 2459 640 2531 tempore
667 2447 776 2511 Ulixes
806 2447 847 2511 ad
870 2450 989 2514 inferos
1012 2454 1176 2537 protectus

55 2572 119 2638 est,
142 2557 361 2635 Telemachus,
384 2558 503 2642 quippe
525 2577 624 2623 annos
646 2569 738 2623 natus
762 2558 990 2648 duodeviginti,
1014 2586 1090 2631 sane
1113 2566 1176 2632 dici
1274 2630 1277 2635 .

54 2677 191 2756 poterat
213 2678 246 2731 et
266 2663 444 2739 oneratam
470 2668 570 2758 οἱνὸρδς
591 2671 776 2735 muneribus
799 2673 927 2738 functus
946 2697 1016 2741 esse
1038 2689 1070 2743 et
1084 2701 1177 2764 prae·

57 2780 112 2845 dia
134 2780 222 2865 regia
241 2782 406 2864 patrisque
427 2779 515 2844 bona
538 2780 779 2842 administrasse.

150 2891 273 2954 Dixerit
302 2888 428 2974 quidem
457 2888 570 2972 aliquis
596 2906 686 2950 meae
715 2885 756 2951 de
783 2896 940 2972 tempore,
969 2912 1035 2975 quo
1066 2895 1176 2960 Ulixes

64 3006 95 3068 in
123 3001 246 3069 Orcum
276 2999 488 3080 descenderit,
520 3001 692 3063 sententiae
722 2998 918 3064 vocabulum
950 2999 1010 3091 ὀψὲ
1032 3008 1076 3087 (v.
1098 3007 1176 3093 tlt)

65 3115 223 3201 refragari,
250 3124 286 3178 ut
313 3134 379 3198 quo
409 3110 449 3177 ad
477 3114 612 3197 spatium
636 3113 731 3174 trium
758 3133 913 3176 annorum
936 3114 1176 3199 significandum

67 3225 142 3291 mole
168 3236 266 3311 poeta
295 3246 373 3289 usus
402 3228 450 3288 sit.
496 3222 562 3287 Sed
590 3224 752 3286 notionem
780 3212 865 3287 illius
887 3224 993 3305 verbi,
1026 3226 1117 3311 quod
1145 3238 1177 3295 et

68 3341 195 3423 spatium
224 3358 396 3424 paucarum
427 3335 577 3399 horarum
605 3343 637 3398 et
666 3332 875 3420 complurium
905 3357 1060 3404 annorum
1089 3361 1177 3405 com.

71 3447 161 3532 plecti
186 3452 303 3534 possit,
334 3469 393 3534 pcr
421 3469 455 3513 sc
486 3451 637 3512 incertam
666 3467 736 3511 esse
768 3456 864 3532 atque
892 3471 1002 3536 vagam
1031 3463 1175 3537 apertum

72 3570 121 3625 ut.
165 3562 277 3645 ltaque
307 3563 334 3624 is
363 3559 489 3625 demum
518 3558 559 3624 de
581 3569 674 3624 recto
693 3557 845 3623 vocabuli
867 3556 926 3649 tut
949 3585 1011 3627 usu
1032 3564 1190 3648 judicare

71 3675 193 3754 poterit,
222 3675 278 3758 qui
307 3673 375 3755 ejus
407 3675 514 3756 spatii,
544 3670 584 3734 ad
609 3669 698 3754 quod
720 3669 913 3733 vocabulum
935 3671 1015 3732 illud
1036 3675 1175 3736 referen-

8 3806 11 3813 ’
71 3776 138 3848 dum
166 3794 226 3864 est,
254 3786 409 3848 rationem
436 3780 588 3845 hahuerit.
635 3776 725 3864 Quid
751 3798 829 3841 vero
854 3775 973 3858 obstat,
1006 3783 1176 3863 quominus

8 3914 13 3925 ·
71 3890 198 3976 Ulixem,
231 3898 258 3961 si
287 3895 376 3960 nefas
404 3891 483 3958 illud
514 3895 547 3955 in
578 3890 682 3955 insula
709 3890 855 3954 Trinacia
883 3893 1082 3957 commissum
1109 3912 1175 3958 non

76 4038 271 4059 *unu-

140 4131 201 4204 ¹⁵⁷)
238 4132 274 4187 cl.
291 4129 413 4187 Nitzsch.
429 4127 449 4184 l.
465 4128 485 4184 l.
502 4125 567 4188 Vol.
583 4127 634 4182 III.
651 4145 679 4201 p.
696 4125 759 4184 275.

140 4224 201 4298 ¹⁵⁸)
239 4226 327 4300 Supra
346 4230 479 4300 p.58sq.
