2842 4898
704 327 751 399 tn

162 514 298 600 quisque
321 533 448 593 eorarm,
475 510 896 598 quibuscum'e'olloquatur
916 512 1040 593 Ulixes,
1061 511 1202 591 breviter
1225 515 1276 579 e‘x·

160 646 326 711 ponamus.
372 625 446 710 Qua
476 624 603 710 quidem
632 628 665 689 in
690 647 726 688 re
755 625 952 711 singulorum
982 647 1162 690 sermonum
1184 636 1275 690 natu-

161 760 227 801 ram
251 737 381 801 eandem
405 758 475 800 esse
490 735 677 815 videbimus,
701 757 795 821 quam
819 747 912 800 antea
926 740 1023 802 totius
1039 738 1128 818 Orci,
1151 758 1274 802 eorum-

163 870 226 932 que
250 850 305 932 qui
328 847 372 912 ibi
396 859 674 926 commorarentur,
698 847 917 914 intelleximus.

165 997 168 1001 e
252 961 388 1023 Tiresias
413 962 495 1023 enim
510 960 633 1024 Ulixem
653 958 808 1040 hortatur,
831 983 872 1026 ne
888 961 973 1027 Solis
995 958 1097 1026 bores
1119 957 1275 1024 ininsula

162 1071 327 1132 Thrinacia
343 1069 452 1134 violet.
498 1074 525 1135 A
551 1070 669 1156 quibus
692 1073 719 1134 si
743 1083 775 1136 et
798 1076 867 1158 ipse
891 1073 1098 1159 abstinuisset,
1121 1081 1153 1136 et
1169 1074 1289 1135 socios

159 1191 356 1258 revocasset,
383 1187 457 1248 lore
480 1193 515 1246 ut
538 1205 606 1248 non
628 1183 732 1248 solum
754 1185 787 1244 in
810 1188 941 1265 patriam
963 1183 1078 1257 redeat,
1102 1181 1158 1244 sed
1183 1185 1276 1245 etiam

159 1312 259 1355 uxore
283 1291 464 1377 divitiisque
486 1298 680 1382 recuperatis
707 1293 832 1376 longam
855 1300 887 1352 et
907 1289 1030 1350 beatam
1052 1290 1146 1346 vitam
1170 1287 1276 1370 degat·

160 1403 276 1487 Neque
303 1404 461 1470 mehercle
489 1407 569 1472 haec
591 1403 779 1489 exspectatio
803 1397 894 1484 parvi
919 1401 1023 1477 potest
1048 1394 1201 1455 momenti
1229 1396 1274 1457 ad

160 1514 261 1579 Ulixis
285 1519 420 1580 animum
442 1517 496 1581 vel
519 1515 697 1601 erigendum
720 1508 771 1569 vel
793 1501 977 1567 firmandum
1000 1497 1118 1564 haberi.

252 1626 336 1692 Cum
362 1639 461 1691 matre
488 1649 571 1712 quae
593 1623 697 1688 Ulixes
720 1613 915 1693 colloquitur
936 1621 1108 1695 propterea
1130 1611 1172 1675 ad
1197 1635 1272 1680 eum

161 1738 435 1805 corroborandum
457 1738 584 1810 faciunt,
608 1725 694 1814 quod
717 1720 822 1784 uxoris
844 1717 940 1784 fidem
964 1721 1190 1786 immutabilem
1215 1747 1271 1790 co.

160 1871 324 1937 gnoscens,
340 1855 371 1907 et
385 1843 441 1904 filii
457 1861 550 1922 quem
565 1839 709 1904 infantem
723 1826 924 1913 relinquebat
938 1836 1141 1897 reminiscens
1153 1857 1267 1920 magno

159 1963 278 2047 patriae
301 1951 455 2018 desiderio
485 1949 555 2031 capi
582 1939 676 2042 etad
698 1959 736 2001 ea
756 1937 895 2008 libenter
917 1944 1118 2030 suscipienda
1141 1951 1267 2013 excitari

160 2070 311 2148 debebat,
333 2070 424 2152 quae,
446 2069 483 2124 ut
504 2057 597 2122 finem
619 2052 819 2138 propositum
843 2067 1103 2144 consequeretur,
1127 2060 1156 2121 ei
1180 2068 1263 2122 erant

160 2178 333 2245 subeunda.
398 2227 401 2230 .
577 2178 580 2183 '

163 2314 166 2321 ¹
211 2286 214 2291 ’
246 2284 367 2361 Eodem
394 2289 496 2358 autem
523 2277 623 2346 modo
649 2279 852 2368 intelligenda
880 2293 954 2347 sunt
980 2280 1079 2346 verba
1102 2283 1265 2367 Agamem·

158 2403 265 2480 nonis,
282 2400 348 2483 ¹qui
369 2389 551 2474 Penelopen
581 2416 652 2458 eum
677 2393 929 2479 Clytaemnestra
952 2399 1137 2479 comparans
1160 2395 1266 2474 eflicit,

157 2520 193 2574 ut
205 2509 298 2590 ⁸illius
320 2506 450 2569 feminae
480 2509 671 2586 praestantia
694 2505 941 2570 luculentissime
968 2516 1126 2592 appareat.
1161 2507 1267 2570 'Tem-

155 2619 242 2705 poris
265 2588 395 2701 quoque
410 2617 545 2700 spatium
561 2616 602 2678 ab
619 2617 851 2700 Agamemnone
868 2627 1155 2694 commemoratum,
1179 2616 1267 2702 quod

153 2731 234 2793 inter
249 2727 471 2803 Telemachum
493 2725 659 2791 intercedit
681 2725 779 2789 modo
803 2737 909 2789 natum
932 2737 963 2790 et
977 2730 1117 2790 virorum
1133 2749 1264 2794 numero

138 2834 368 2930 ‘adsedentem
390 2842 441 2907 hic
463 2839 568 2927 lpcum
592 2836 696 2915 habet,
719 2838 809 2922 quod
832 2859 1076 2924 uxorem,÷qnae
1098 2838 1197 2904 fidem
1213 2841 1266 2906 fir·

154 2950 323 3015 missimam
346 2963 409 3015 tam
432 2951 486 3014 diu
510 2952 650 3026 servarit,
674 2952 970 3034 praestantissimam
992 2949 1113 3013 reddat.

246 3061 341 3147 Quae
361 3082 440 3125 vero
470 3071 583 3146 postea
606 3059 744 3124 Achilles
768 3059 856 3140 dicit,
881 3082 926 3124 ea
950 3059 1072 3125 Orcum
1096 3063 1265 3129 ostendunt

154 3176 362 3240 tristissimum
383 3180 479 3256 atque
501 3187 633 3257 prorsus
655 3170 832 3258 indignum,
855 3175 911 3256 qui
934 3195 1004 3236 cum
1027 3177 1199 3237 miserrima
1222 3179 1267 3240 vi·

39 3350 48 3364 ,
155 3295 206 3348 tae
230 3281 432 3361 condicione,
455 3305 496 3347 ne
518 3287 588 3368 ipsa
610 3287 761 3348 servitute
784 3283 913 3369 quidem
936 3295 1081 3349 mutetur.
1126 3286 1171 3346 Ex
1196 3289 1268 3368 qui-

107 3378 117 3390 ’
153 3391 216 3457 bus
239 3392 368 3457 Achillis
390 3392 497 3458 verbis
522 3394 627 3479 colligi
648 3404 771 3479 potest,
796 3406 921 3477 quanta
935 3402 1042 3460 rerum
1061 3399 1267 3460 commutatio

152 3503 235 3568 lacta
258 3505 306 3580 sit,
330 3506 400 3600 euni
425 3508 470 3584 is,
495 3505 633 3590 qui'sub
658 3507 777 3590 Trojae
800 3510 896 3587 muris
919 3528 1041 3573 summo
1066 3503 1266 3571 Graecorum

151 3616 291 3677 omnium
314 3614 404 3693 duci,
432 3619 524 3701 cujus
549 3639 567 3679 a
588 3619 674 3681 Jove
700 3619 863 3701 imperium
887 3631 968 3698 erat,
995 3615 1108 3680 cedere
1131 3637 1265 3700 prorsus

52 3729 55 3734 ’
137 3723 295 3805 nolebat,
317 3731 351 3790 in
374 3726 464 3791 Orco
488 3727 583 3812 longe
606 3728 709 3805 alium,
733 3739 763 3791 et
786 3727 913 3812 quidem
937 3725 1183 3794 eum'ostendat¹
1202 3732 1266 3794 ani·

151 3816 251 3918 inrum,
280 3848 316 3902 ut
343 3860 410 3902 non
433 3836 531 3902 modo
555 3843 636 3924 regis
660 3840 794 3924 alicujus
817 3863 926 3905 verum
950 3843 1042 3904 etiam
1065 3838 1165 3902 infimi
1188 3864 1265 3925 pau-

150 3930 343 4037 perrimique
365 3952 424 4014 viri
453 3971 578 4016 servum
602 3971 671 4014 esse
693 3953 793 4036 majus
817 3952 936 4037 aliquid
960 3961 990 4014 et
1016 3947 1190 4034 jucundius
1215 3954 1266 4015 ha-

150 4040 240 4139 beat,
276 4079 370 4144 quam
404 4062 437 4125 in
472 4060 560 4127 idola
592 4071 791 4128 mortuorum
826 4064 931 4129 omnia
964 4058 1128 4125 dominari.
1181 4063 1267 4128 Dein

153 4166 243 4254 quod
262 4168 490 4256 Agamemnon
522 4170 563 4238 de
598 4174 716 4240 Oreste
743 4184 776 4240 et
801 4169 941 4238 Achilles
976 4168 1017 4236 de
1048 4172 1267 4260 Neoptolemo
