2842 4898
680 335 729 407 44

151 516 363 584 nevolentiam
378 526 566 603 captarent,
596 540 668 583 curn
694 518 782 584 illum
805 518 846 584 de
867 519 1008 586 Hercule
1028 519 1136 586 locum
1157 541 1262 608 neque

152 631 271 694 vellent
294 653 330 694 ex
346 631 487 694 Homero
511 632 626 714 ejicere
648 652 753 715 neque
775 642 915 716 possent,
938 636 1019 696 viam
1034 636 1169 697 inierunt
1183 655 1261 712 eam,

153 751 188 806 ut
210 746 242 805 in
255 743 345 806 Orco
369 738 485 806 siduno
507 751 627 804 tantum
650 743 805 822 Herculis,
829 766 902 808 eum
924 747 1028 828 ipsum
1051 755 1153 808 autem
1175 743 1262 830 apud

99 906 103 911 .
152 852 232 917 deos
255 856 373 916 versari
394 852 585 916 immortales
609 853 834 937 praedicarent.
873 854 978 940 Quam
993 858 1181 919 Homericae
1203 875 1262 939 po-

151 965 336 1049 pularisque
367 966 526 1048 opinionis
561 969 780 1048 aequationem
812 966 979 1050 rhapsodis
1007 970 1118 1031 Atticis
1153 965 1262 1030 deberi

151 1096 305 1161 perquam
334 1075 408 1136 mibi
436 1073 604 1157 probabile
634 1086 696 1154 est,
727 1099 797 1139 cum
821 1077 967 1141 Herculis
996 1077 1115 1141 cultum
1138 1097 1262 1142 summo

150 1185 357 1249 Athenienses
379 1185 412 1243 in
434 1182 558 1243 honore
581 1191 677 1261 atquc
697 1187 815 1262 primos
830 1185 978 1246 babuisse
993 1187 1164 1251 viderimus
1181 1187 1264 1271 ¹⁰¹).

151 1295 228 1358 Non
251 1295 352 1378 magni
381 1293 474 1376 igitur
501 1290 628 1353 fecerim
658 1292 866 1351 narrationem
888 1290 988 1366 illam,
1011 1313 1093 1374 quae
1117 1295 1266 1361 Onoma-

153 1409 264 1470 critum
285 1425 435 1468 versuum
465 1399 622 1466 toa-sot
651 1408 810 1463 auctorem
834 1397 1039 1481 prodit¹⁰²)‚
1063 1412 1158 1486 atque
1182 1425 1266 1467 con.

151 1520 273 1602 iectura
304 1519 415 1600 magis,
450 1535 543 1597 quam
575 1512 667 1572 certis
697 1512 885 1593 argumentis
916 1513 973 1573 niti
998 1510 1133 1575 videtur.
1178 1514 1265 1579 Nam

152 1651 224 1691 cum
251 1625 357 1690 nullus
385 1623 464 1687 alius
487 1624 659 1695 Homerus,
683 1641 777 1702 quam
800 1641 895 1703 quern
917 1621 1097 1686 Pisistratus
1121 1629 1262 1689 conscri-

37 1785 41 1791 ·
150 1736 290 1802 bendum
321 1743 498 1808 curaverat,
524 1717 686 1793 veteribus
716 1734 921 1815 grammaticis
942 1730 1087 1798 videatur
1115 1738 1261 1820 cognitus

150 1849 248 1910 luisse
263 1843 345 1925 ¹⁰³),
367 1841 419 1904 illa
444 1840 484 1903 de
505 1840 714 1904 Onomacrito
737 1846 875 1906 narratio
898 1842 983 1908 unde
1007 1855 1076 1908 orta
1099 1848 1147 1923 sit,
1170 1869 1260 1930 prae·

150 1959 255 2020 sertim
278 1975 349 2016 cum
373 1954 471 2015 critici
482 1950 693 2031 Alexandrini,
715 1975 798 2037 qnos
813 1965 938 2033 vocant,
959 1977 1036 2034 earn,
1052 1978 1136 2040 quae
1150 1959 1261 2030 summi

151 2073 185 2134 in
207 2069 275 2136 illis.
290 2062 434 2130 versibus
457 2063 636 2149 rejiciendis
658 2068 809 2128 momenti
830 2065 955 2144 fuisset,
980 2066 1105 2130 silentio
1128 2090 1258 2151 prorsus

151 2181 382 2265 praeterierint,
414 2197 616 2259 nequaquam
648 2174 856 2260 intelligimus.
901 2178 1024 2242 Versus
1057 2188 1162 2242 autem
1189 2178 1260 2242 illos

149 2290 245 2354 Attici
274 2311 343 2354 esse
373 2286 588 2351 diasceuastae
614 2285 689 2350 inde
711 2296 816 2370 potest
839 2287 958 2372 colligi,
980 2299 1047 2351 tum
1071 2288 1161 2372 quod
1184 2289 1259 2353 Pisi-

150 2412 281 2466 stratum
311 2397 480 2485 probabile
514 2408 562 2461 est
591 2400 624 2460 in
654 2398 796 2461 Homero
830 2397 1060 2462 conscribendo
1092 2400 1258 2485 rhapsodis

149 2517 280 2575 maxime
308 2513 420 2574 Atticis
448 2516 540 2571 usum
570 2530 653 2586 esse,
684 2519 749 2572 tum
778 2508 867 2590 quod
895 2508 948 2572 alii
976 2530 1108 2595 quoque
1134 2505 1257 2586 Νέκυίις

148 2642 260 2685 versus
276 2617 349 2701 ¹⁰⁴)
372 2617 594 2681 Atheniensem
617 2609 779 2680 auctorem
793 2616 948 2682 redolent

238 2733 345 2814 Atque
372 2729 419 2791 his
446 2728 513 2791 lere
540 2727 716 2792 rationibus
738 2749 872 2792 moveor
894 2739 930 2792 ut
951 2731 1098 2796 Herculis
1121 2731 1255 2819 descrip

149 2845 269 2906 tionem
303 2838 343 2904 ab
377 2843 449 2926 ipso
485 2841 583 2904 totius
616 2839 691 2904 libri
725 2850 856 2905 auctore
888 2841 1064 2926 prolectam
1095 2866 1168 2910 esse
1198 2847 1254 2912 exi·

149 2957 278 3017 stirnem.

228 3237 289 3378 qu)
327 3235 363 3291 cs,
379 3245 437 3290 nor.
455 3236 499 3294 77.
521 3232 644 3292 Nitasch.
663 3233 683 3295 l.
703 3233 722 3292 l.
738 3235 804 3297 Vol.
824 3237 875 3292 111.
895 3256 925 3314 p.
946 3231 1009 3300 349.
1031 3237 1139 3316 Pttugt.
1160 3238 1253 3315 Eurip.

149 3325 239 3380 Horae
253 3367 258 3378 .
270 3344 299 3397 p·
310 3330 337 3378 5·
728 3358 731 3363 ’

227 3416 289 3488 ¹⁰²)
325 3416 361 3471 cl.
377 3427 436 3472 not.
452 3413 497 3475 47.

226 3509 288 3580 ¹⁰³)
325 3509 361 3564 cl.
378 3522 436 3565 not.
452 3516 497 3564 50.

227 3604 290 3680 ¹⁰⁴)
327 3605 363 3662 cl.
379 3625 405 3662 r.
421 3609 553 3661 ser-325.
567 3615 596 3661 et
609 3604 673 3661 631.
688 3605 724 3662 cl.
740 3606 813 3662 inlra
832 3605 902 3683 Cap.
917 3609 970 3666 111.

602 3895 806 3909 *—
