2842 4898
595 342 644 422 37

60 532 230 599 Herculem
254 528 369 595 eodem
392 550 461 615 quo
483 527 535 593 alii
558 526 673 594 heroes
695 524 850 595 modoet
871 541 974 596 morte
998 543 1179 619 correptum

61 668 128 710 esse
152 655 185 708 et
210 642 252 706 ad
274 643 390 705 inferos
411 642 537 704 venisse
564 637 834 726 collegerunt⁷⁶).
880 644 995 728 Neque
1018 649 1108 729 parvi
1131 653 1179 710 est

61 755 101 820 ad
129 758 214 817 hanc
241 756 508 838 grammaticorum
536 756 720 815 sententiam
750 753 996 818 confirmandam
1019 760 1177 837 momenti,

62 863 153 952 quod
177 864 320 929 Graecos
343 863 419 927 olim
434 862 605 926 Herculem
627 885 699 936 non
717 864 811 927 deum
833 865 982 929 habuisse
1003 865 1099 930 nobis
1115 877 1177 934 tra.

63 975 163 1040 ditum
198 985 253 1038 est.
298 976 407 1038 Refert
430 976 512 1037 enim
535 972 701 1037 Diodorus
730 974 940 1059 Siculus⁷⁷),
970 978 1178 1040 Athenienses

62 1089 182 1174 primos
205 1085 374 1149 Herculem
398 1082 509 1148 diuinis
531 1096 722 1169 prosecutos
740 1107 809 1149 esse
825 1085 1015 1158 honoribus:
1039 1085 1072 1149 id
1089 1085 1178 1170 quod

64 1197 105 1263 de
127 1197 332 1261 Marathoniis
348 1196 518 1260 Pausanias
539 1192 720 1279 narrat7⁸).
752 1196 798 1258 Ex
821 1219 883 1280 qua
897 1200 1084 1260 ‚narratione
1101 1193 1177 1260 tem-

61 1330 122 1395 pus
145 1307 277 1393 aliquod
299 1308 397 1371 fuisse
420 1305 611 1391 intelligitur,
635 1327 701 1390 quo
722 1307 816 1370 heros
831 1307 885 1370 ille
901 1307 1177 1372 excellentissimus

62 1440 129 1484 non
150 1440 212 1503 pro
237 1417 299 1481 deo
322 1416 501 1496 haberetur,
524 1415 581 1479 sed
604 1415 644 1479 ad
667 1415 786 1480 inferos
800 1421 924 1480 venisse
945 1421 1178 1480 existimaretur.
1214 1480 1216 1484 Α

64 1530 173 1614 Quam
201 1528 241 1591 de
264 1527 403 1592 Hercule
426 1530 607 1613 opinionem
632 1532 770 1612 priorem
793 1526 932 1611 ideoque
955 1528 1086 1591 Homeri
1109 1525 1179 1592 esse

64 1643 127 1727 jam
143 1640 219 1704 inde
232 1619 517 1724 comprehenditur,
540 1637 630 1723 quod
642 1638 875 1724 posterioribus
888 1637 1085 1723 temporibus
1096 1640 1179 1702 Her-

66 1751 146 1815 culis
169 1755 439 1815 consecrationem
462 1749 582 1835 ubique
606 1748 852 1813 animadvertere
875 1748 975 1813 liceat.
1017 1751 1100 1814 Sane
1122 1752 1179 1834 igi·

66 1872 119 1926 tur
145 1865 250 1946 potuit
272 1856 446 1943 Homerlrs‚
475 1865 502 1926 si
524 1861 642 1943 voluit,
671 1859 841 1925 Herculem
865 1882 937 1923 cum
960 1860 1052 1924 Ulixe
1074 1842 1179 1924 facere

65 1973 313 2057 colloquentem.

158 2083 333 2166 Quaeritur
354 2092 467 2163 autem,
489 2092 526 2147 ut
548 2105 587 2148 eo
609 2081 719 2148 redeat
742 2081 826 2145 unde
850 2080 989 2165 digressa
1009 2090 1056 2144 est
1072 2079 1180 2164 dispu-

65 2197 162 2273 tatio,
191 2215 268 2256 num
297 2215 362 2276 qua·
383 2201 481 2257 exstet
504 2217 611 2275 causa,
640 2216 722 2280 quae
746 2195 932 2285 Homerum,
962 2215 1034 2255 eum
1056 2194 1180 2256 Hercu-

65 2305 128 2370 lem
158 2315 269 2390 posset
297 2327 367 2368 cum
397 2305 488 2370 Ulixe
516 2306 752 2390 colloquentem
775 2303 968 2383 describere,
992 2315 1028 2367 ut
1050 2325 1122 2366 eum
1144 2323 1180 2367 re

66 2439 141 2492 vera
165 2414 370 2492 describeret,
394 2437 595 2476 commovere
617 2416 773 2496 potuerit?
815 2416 930 2501 Neque
954 2415 1017 2476 hoc
1040 2411 1180 2476 dubium.

66 2525 219 2591 Herculis
243 2525 325 2584 enim
348 2520 528 2606 descriptio,
552 2525 577 2585 si
600 2526 791 2605 sententiam,
814 2550 906 2611 quam
923 2537 1018 2612 poeta
1034 2526 1093 2588 hac
1111 2524 1181 2588 uni-

66 2659 162 2701 versa
187 2633 227 2696 de
250 2631 341 2695 Ulixe
362 2635 540 2695 narratione
563 2635 675 2698 ellerre
697 2636 814 2716 voluit,
836 2643 979 2724 respicis,
998 2661 1073 2721 ,eum
1098 2626 1182 2701 cete-¹

66 2752 108 2813 ris
131 2744 262 2814 Nacor'cr
284 2741 432 2827 partibus·
449 2767 542 2828 quam
566 2757 650 2809 arcte
674 2735 849 2826 cohaereat,
872 2770 969 2832 supra
988 2748 1183 2811 demonstra-

66 2870 134 2923 tum
165 2852 289 2935 est⁷⁹).
333 2853 416 2917 Dein
444 2877 515 2918 cum
544 2856 714 2920 Herculem
744 2857 829 2942 apud
858 2859 975 2920 inleros
1004 2859 1123 2919 versari
1149 2864 1182 2936 et
1275 2848 1299 2870 ⁵

68 2969 160 3035 simili
177 2963 363 3051 aliquando,
387 2987 449 3050 qna
470 2966 587 3045 Ulixes,
609 2972 732 3032 ratione
754 2967 935 3047 inOrcum,
958 2965 1043 3032 unde
1060 2966 1182 3033 Cerbe-

67 3102 136 3145 rum
167 3080 319 3154 auferret,
349 3075 549 3141 descendisse
572 3081 727 3155 rsciamus,
756 3078 827 3140 fieri
855 3100 922 3140 non
944 3063 1066 3160 potest,
1095 3081 1181 3157 quin,

10 3192 14 3197 ’
62 3213 142 3257 num
164 3189 286 3253 Ulixem
301 3187 464 3251 videamus
487 3185 623 3246 eundem
646 3187 679 3243 in
701 3185 811 3243 locum‘
828 3174 1002 3264 proficisci,
1024 3183 1108 3245 illius
1123 3185 1183 3247 viri

10 3292 20 3329 Ξ
64 3298 282 3368 recordemur.
330 3296 431 3383 Quod
461 3316 556 3379 quam
585 3295 624 3356 sit
648 3301 903 3371 consentaneum,
924 3295 986 3378 jam
1009 3293 1083 3357 inde
1106 3315 1182 3380 pos-

10 3397 14 3431 ἰ
64 3410 182 3480 sumus
208 3411 370 3496 colligere,
398 3405 488 3492 quod
514 3415 639 3468 veteres
666 3405 800 3468 Homeri
826 3407 1013 3492 interpretes
1040 3407 1183 3471 similitu-

64 3524 183 3603 dinem,
207 3544 289 3608 quae
310 3517 520 3586 intercederet
541 3520 622 3582 inter
639 3527 809 3602 utrumque
822 3521 934 3599 virum,
955 3518 1183 3609 notassevide-

60 3664 274 3680 ...a—n—

143 3732 190 3805 '‘)
228 3731 265 3787 cl.
279 3730 300 3786 l.
315 3740 374 3784 not.
390 3723 436 3783 lm.
451 3725 471 3782 l.
552 3764 556 3771 .

144 3826 190 3898 ⁷'')
228 3825 283 3891 IV,
297 3829 348 3883 39:
365 3821 481 3882 Ἀθηναῖοι
497 3823 585 3892 apaten
601 3821 645 3873 τῶ
662 3811 743 3873 ἄλλων
760 3816 791 3876 ὦς
809 3813 858 3870 teir
875 3817 985 3886 ἐτίμησαν
1001 3812 1184 3886 τδγ“Ηροικλέα,;

60 3919 100 3976 cl.
114 3916 236 3978 Aristid.
251 3917 334 3970 Tum·
350 3912 373 3966 l.
389 3931 417 3985 p.
434 3910 478 3965 60.

142 4012 192 4086 ⁷⁸)
230 4011 255 4066 I.
275 4013 322 4074 32,
341 4001 374 4060 l:
403 4002 522 4066 Σέβονται
547 4004 573 4057 dl
595 4005 616 4054 ol
637 3999 784 4075 Mcpalduot
803 3999 944 4071 Ἡρακλέα,
968 3997 1068 4078 φάμενοι
1088 3997 1186 4076 trpo'rote

56 4100 188 4168 ‘malim
205 4104 285 4173 σφίσιν
300 4098 430 4167 Ἡρακλέα
448 4093 497 4151 θεὸν
513 4092 648 4166 νομισθῆναι.
684 4093 719 4149 cl.
735 4089 821 4163 1.'15,
834 4085 862 4147 l.

143 4196 192 4272 re)
231 4214 262 4270 p·
279 4198 323 4255 13·
