2842 4898
807 301 913 395 52'

279 503 448 598 tulppove
475 508 539 574 dici
568 509 613 592 (v.
632 508 729 592 322),
759 505 849 594 quod
871 507 1110 574 Atheniensium
1141 508 1285 572 inimicus
1315 505 1388 571 suis·

281 619 429 705 set¹²³),
454 620 540 687 Guil
585 619 761 684 Muellerus
783 630 871 685 recte
893 621 1071 704 suspicatus
1095 616 1238 703 θείω).

372 734 452 796 Tam
485 730 591 795 brevis
627 729 766 815 denique
794 731 979 795 femmarum
997 731 1323 809 enumeratimeum
1351 725 1390 791 de

280 842 428 909 omnibus
457 864 540 928 quae
575 840 761 906 antecedant
795 840 927 906 uberius
955 839 1075 906 dictum
1103 845 1157 921 sit,
1192 862 1259 905 non
1286 839 1388 904 locum

278 931 397 1020 babere
425 956 487 1018 nisi
513 956 547 1018 in
574 951 640 1017 fine
668 955 857 1019 narrationis
885 950 1018 1018 videtur.
1064 952 1178 1037 ltaque
1206 962 1294 1017 recte
1323 969 1386 1015 sese

277 1063 396 1128 babent
416 1086 446 1126 v.
470 1064 536 1127 326
551 1083 598 1146 sq.
614 1060 699 1146 ¹²⁶).

701 1212 752 1254 vv.
775 1192 945 1272 tao-384,

368 1319 469 1384 Ulixis
493 1340 565 1383 cum
578 1316 774 1382 Phaeacibus
797 1317 996 1403 colloquium
1019 1323 1217 1386 continentes
1233 1345 1251 1386 a
1265 1319 1390 1392 Nenot'es

282 1442 413 1497 auctore
441 1432 605 1517 proiectos
636 1450 705 1493 esse
734 1449 830 1514 nego,
860 1433 1002 1524 quamuis
1024 1430 1134 1514 paullo
1158 1433 1227 1496 aliis
1250 1432 1293 1496 ad
1316 1435 1389 1498 hanc

282 1546 468 1609 sententiam
496 1540 638 1606 adducar
665 1543 870 1627 argumentis,
905 1561 998 1625 quam
1027 1561 1110 1624 quae
1138 1538 1243 1605 adhuc
1273 1544 1388 1628 prolata

184 1680 187 1684 ⁴
282 1653 444 1739 sint¹²⁶).
489 1656 596 1738 Atque
623 1673 816 1739 magnopere
842 1654 940 1716 miror
966 1651 1161 1716 Nitzschium
1183 1674 1296 1717 versus
1321 1653 1389 1718 illos

283 1766 480 1832 adulterinos
497 1767 697 1843 existimasse,
721 1767 785 1848 qui,
803 1765 830 1827 si
844 1783 905 1848 pro
921 1765 1074 1849 germanis
1088 1760 1291 1844 haberentur,
1301 1763 1386 1829 valde

283 1881 353 1963 ejus
375 1875 416 1940 de
432 1877 574 1939 Homero
598 1877 783 1939 sententiam
806 1882 911 1937 essent
932 1870 1081 1958 adjuturi.
1125 1874 1209 1939 Nam
1229 1873 1310 1963 illud
1326 1875 1404 1946 col-¹

282 1988 438 2073 loquium,
461 1987 488 2051 si
509 1986 592 2051 liber
612 1984 798 2050 undecimus
815 1983 969 2071 ejusdem,
992 1985 1083 2071 cujus
1099 1996 1213 2068 sextus,
1235 1989 1384 2073 septimus,

284 2110 431 2179 octavus,
460 2108 576 2184 poetae
598 2107 695 2177 esset,
718 2118 785 2162 non
808 2093 912 2160 solum
936 2116 1003 2161 non
1026 2118 1297 2183 supervacaneum
1319 2119 1385 2176 esse,

282 2232 393 2275 verum
422 2213 514 2273 etiam
536 2213 668 2273 maxime
690 2210 912 2287 necessarium,
943 2211 1174 2274 accuratissime
1207 2219 1316 2297 potest
1340 2208 1384 2274 de-

283 2323 459 2386 monstrari.
506 2319 633 2404 Quare,
663 2341 735 2383 cum
756 2318 936 2383 Nitzschius
958 2340 1070 2382 versus
1097 2320 1259 2388 328-384
1282 2347 1385 2410 sepep-

286 2429 494 2518 βεβλημένους
522 2431 650 2510 haheat,
678 2428 795 2494 librum
821 2427 1023 2494 undecimum
1052 2429 1131 2496 alius
1154 2437 1297 2500 auctoris
1317 2453 1382 2511 este,

286 2565 381 2627 quam
405 2545 461 2626 qui
482 2542 593 2604 fecerit
614 2551 744 2620 sextum,
768 2543 943 2625 septimum,
966 2550 1124 2622 octavum,
1147 2544 1305 2611 concedit.

373 2649 530 2737 Equidem
558 2649 713 2714 diversam
739 2652 822 2713 viam
848 2653 1009 2737 ingressus
1037 2674 1148 2718 versus
1165 2653 1251 2720 ,illos
1276 2675 1381 2742 suppo·
1413 2580 1421 2780 l

284 2765 399 2830 sititios
423 2783 493 2827 esse
515 2763 589 2826 mibi
611 2764 763 2847 persuasi.
808 2762 891 2827 Nam
913 2784 985 2827 cum
1008 2762 1075 2829 aliis
1098 2770 1284 2852 argumentis
1306 2787 1382 2831 com·
1411 2779 1421 2889 Ἰ

283 2885 390 2939 motus
417 2872 532 2938 librum
555 2873 758 2938 undecimum
780 2894 905 2937 carmen
928 2874 1085 2960 singulare
1106 2875 1279 2962 aliquando
1300 2878 1381 2943 subse
1410 2886 1413 2904 ’

283 2983 519 3064 intellexissem,
546 2984 646 3048 Ulixis
676 3005 748 3048 cum
769 2984 965 3049 Phaeacibus
994 2986 1191 3072 colloquium
1215 3011 1254 3055 ea
1275 2988 1380 3056 demum
1407 3001 1411 3024 ⁹

285 3106 400 3177 aetate,
424 3117 487 3183 qua
508 3097 542 3160 in
563 3116 663 3159 unum
685 3094 818 3182 aliquod
839 3117 956 3182 poema
977 3097 1100 3184 singula
1122 3098 1163 3165 de
1184 3101 1285 3167 Ulixis
1306 3118 1378 3167 erro·

363 3384 426 3457 ¹²³)
463 3386 499 3442 cs.
516 3385 654 3443 Plutarch.
670 3387 753 3445 Thes.
768 3407 813 3464 cp.
829 3387 877 3444 16:
902 3388 962 3443 ierne
978 3388 1023 3462 γὰρ
1042 3385 1111 3452 ’ὅπως
1127 3391 1233 3461 χαλεπὸν
1250 3391 1304 3445 εἶναι
1322 3387 1377 3463 qni

285 3472 371 3557 ἐχούσῃ
394 3471 466 3529 πόλει
489 3477 530 3529 καὶ
550 3483 641 3548 μοῦσαν
663 3475 843 3546 ἀπεχθάνεσθαι.
870 3479 911 3531 καὶ
933 3479 979 3550 γὰρ
997 3479 1008 3532 ὂ
1028 3485 1104 3542 Μίνως
1121 3484 1166 3538 eisl
1183 3484 1296 3539 διατελεῖ
1314 3480 1375 3535 uaris

286 3563 374 3625 ἀκούων
392 3566 434 3619 uel
452 3564 619 3638 λοιδορούμενος
635 3572 656 3623 ἐν
673 3573 721 3627 τοῖς
735 3570 854 3626 Ἀττικοῖς
871 3565 995 3641 &stirpares
1008 3601 1035 3614 -·
1054 3573 1177 3631 Nllzsclt.
1192 3572 1247 3632 l.,l.
1259 3571 1324 3634 Vol·
1337 3567 1372 3626 Illo

284 3682 314 3740 p.
329 3666 394 3719 251.
409 3663 442 3716 L.
457 3655 598 3734 Stephani.
612 3657 632 3715 l.
648 3657 668 3715 l.

361 3770 423 3844 ¹²⁶)
461 3769 574 3824 Homer.
589 3766 753 3837 Vorschule.
768 3766 812 3820 ed.
829 3766 867 3820 11.
882 3784 911 3840 p.
929 3772 973 3823 85.

361 3877 425 3953 ¹²⁶)
461 3875 497 3933 cf.
512 3895 595 3952 supra
614 3884 673 3931 not.
689 3877 734 3928 32.
750 3881 778 3927 et
790 3871 862 3928 infra
876 3891 905 3949 p.
917 3879 953 3930 53
966 3894 1008 3951 sq.

361 3984 424 4060 ¹²⁶)
462 3983 526 4040 aB.
542 3978 684 4039 Thiersch.
713 3978 856 4056 Urgestalt
873 3980 921 4038 des
940 3980 1071 4060 Odyssee.
1111 3984 1370 4066 K'o'nigsberg.iiil·
1413 4037 1421 4062 ,

284 4091 314 4148 p.
330 4079 382 4129 125
401 4091 463 4149 sqq.
492 4073 548 4128 Ad.
563 4072 717 4127 Hermann.
737 4069 756 4125 l.
771 4069 791 4126 l.
812 4091 841 4146 p.
857 4076 931 4146 3sq.
949 4068 982 4128 tl
994 4090 1040 4146 sq.¹
1055 4076 1090 4129 25
1104 4089 1169 4148 sqq.
1197 4067 1371 4138 Mambli.
1420 4064 1421 4068 ¹

283 4161 350 4226 Vol.
365 4161 402 4218 H.
417 4181 446 4238 p.
461 4161 566 4218 XLIX.
581 4158 647 4221 Vol.
664 4160 715 4216 111.
731 4179 760 4235 p.
776 4160 829 4217 256
841 4179 885 4234 sq.
900 4159 963 4216 263.

1172 4256 1177 4297 t
