2842 4898
714 313 761 387 tt

175 492 295 587 perire,
323 502 454 566 omnino
481 499 548 564 suis
580 498 681 583 ipsius
710 498 813 565 oculis
839 500 964 575 Ulixem
991 510 1120 572 eernere
1147 511 1294 594 potuisse

176 613 319 678 arbitrer.
895 703 896 706 Ἴ

265 725 330 790 Sed
354 723 413 786 alia
435 740 539 802 eaque
561 722 705 804 graviora
729 731 839 786 contra
861 727 950 789 istam
974 725 1014 791 de
1036 730 1199 816 Elpenore
1220 756 1290 799 nar-

174 842 328 902 rationem
351 841 533 919 argumenta
554 835 693 897 narratio
717 831 771 896 illa
789 836 860 918 ipsa
882 835 978 902 nohis
1001 843 1193 927 suppeditat.

584 1077 588 1083 ·
690 1032 867 1115 §21

261 1162 345 1228 Cum
373 1159 630 1247 proficisceretur
652 1161 762 1222 Ulixes
791 1164 831 1225 ad
853 1168 972 1230 inferos
995 1191 1064 1233 eam
1086 1178 1290 1255 potissimum

170 1275 214 1342 ob
237 1296 378 1353 causam,
408 1282 443 1337 ut
465 1293 483 1335 e
507 1270 629 1332 Tiresia
656 1266 791 1347 reditum
820 1276 1142 1359 percontaretur²³):
1172 1293 1288 1353 nescio

170 1407 210 1453 an
233 1409 298 1453 non
321 1387 489 1472 Elpenoris
513 1379 694 1457 cumUlixe
718 1379 913 1472 colloquium
935 1385 1020 1449 hunc
1042 1389 1162 1453 itineris
1184 1391 1289 1459 finem

169 1505 250 1564 satis⁴
273 1511 346 1585 apte
372 1497 519 1562 retardet.
564 1494 779 1576 Nequevero
808 1494 882 1558 lieet
910 1506 1025 1582 poetae
1053 1503 1173 1578 omnia,
1200 1526 1288 1586 quae

169 1610 231 1676 diei
254 1622 398 1697 possunt,
421 1603 615 1687 diceresed
639 1605 699 1669 alia
721 1614 794 1669 sunt
812 1609 1094 1689 commemoranda,
1118 1611 1188 1690 alia,
1212 1619 1286 1697 qui.

166 1723 229 1788 bus
253 1729 354 1787 minus
379 1722 588 1798 oblectamur,
611 1719 779 1784 reticenda.
803 1789 807 1798 ¹
826 1720 937 1805 Quare
959 1721 1125 1806 Elpenoris
1150 1745 1284 1809 quoque

165 1855 277 1917 preces
307 1836 435 1894 omnino
465 1850 532 1893 nou
562 1828 851 1905 commemorandas
866 1832 977 1896 inisse
1000 1854 1131 1913 censeo,
1161 1836 1281 1920 quial)

164 1944 306 2008 Homero
327 1946 400 2029 ipso
423 1940 546 2006 dicatur
567 1942 606 2021 X,
631 1945 695 2006 552
717 1963 782 2027 sq.:

531 2051 533 2055 ¹
645 2059 864 2130 venirene-midi
885 2079 911 2127 τι
932 2062 993 2141 λίην

326 2164 445 2239 ἄλκιμος
466 2173 494 2230 ἕν
514 2157 625 2249 πολὲελῳ
648 2163 710 2232 οὔτε
729 2165 830 2256 φρεσὶν
851 2163 914 2252 {rw
934 2166 1050 2256 ἀρηρώς.

190 2300 192 2307 “
252 2290 326 2354 Huc
355 2287 487 2365 accedit,
516 2286 606 2371 quod
628 2311 739 2354 versus
768 2290 814 2354 illi
842 2293 884 2354 ita
907 2302 1042 2375 possunt
1064 2295 1275 2376 praetermitti,

162 2411 200 2467 ut
220 2406 407 2467 ne'minima
431 2395 558 2484 quidem
581 2401 790 2485 intercapedo,
809 2401 875 2465 fiat.
920 2402 1036 2486 Neque
1058 2402 1208 2487 proiecto
1224 2407 1276 2489 qui
1317 2468 1319 2473 ,

162 2493 339 2576 accuratius
368 2511 440 2575 illos
468 2492 580 2574 rers'us
610 2511 872 2590 consideraverit,
899 2515 1044 2597 ipsorum
1066 2519 1276 2598 patrocinium
1317 2484 1319 2539 ³

161 2608 326 2709 suscipiet,
357 2644 426 2687 cum
451 2621 586 2686 rita'sint
613 2622 747 2700 formati,
774 2632 810 2685 ut
832 2623 972 2685 Homeri·
992 2625 1118 2708 ingenio
1142 2648 1274 2710 prorsus

158 2715 277 2823 indigni
299 2726 473 2799 rideantur.
667 2715 670 2721 ,
737 2740 740 2746 '

164 2852 167 2879 ³
248 2848 372 2912 Versus
395 2850 479 2911 enim
496 2829 777 2931 quinquagesimus
803 2852 835 2908 et
858 2846 914 2928 qui
937 2865 1008 2908 eum
1032 2849 1178 2934 sequitur
1200 2872 1272 2915 oau-

158 2978 223 3048 sam
247 2960 403 3033 atterunt,
425 2962 483 3020 cur'
508 2940 685 3043 insepultus
708 2954 851 3039 Elpenor
876 2947 1006 3022 relictus
1035 2958 1139 3022 luerit.
1183 2962 1270 3032 Scie-

156 3065 212 3130 bat
235 3088 310 3151 ergo
334 3066 441 3131 Ulixes
464 3068 654 3153 Elpenorem
676 3070 823 3152 perisse,
844 3077 877 3131 et
903 3070 972 3132 sine
1001 3066 1102 3133 dubio
1126 3092 1198 3135 eum
1222 3071 1268 3137 ae·

156 3178 303 3263 pulturus
331 3187 411 3257 crat,
441 3181 502 3242 nisi
529 3189 653 3264 tempus
678 3177 838 3244 defuisset.
883 3179 965 3242 Nam
987 3172 1048 3260 res,
1070 3203 1151 3266 quas
1175 3181 1270 3247 Circe

156 3282 406 3367 demandaverat,
428 3291 519 3354 Ulixi·
534 3300 597 3353 tam
620 3292 730 3376 graves
752 3300 880 3373 tamque
901 3279 1003 3376 magni
1016 3295 1165 3355 momenti
1180 3294 1271 3359 vide

153 3397 279 3480 bamur,
301 3411 337 3465 ut
361 3400 400 3465 ad
424 3421 476 3466 eas
493 3400 703 3487 perficiendas
721 3410 908 3486 properaret
922 3422 1027 3487 neque
1040 3409 1172 3465 mortem
1186 3405 1272 3468 sooil

153 3512 277 3577 humilis
300 3524 394 3599 atque
417 3517 519 3600 exigui
542 3535 667 3578 eausam
688 3509 819 3574 haberet
841 3513 915 3574 satis
939 3511 1071 3599 dignam,
1095 3534 1159 3597 qua
1181 3535 1269 3578 oom-

152 3636 258 3714 motus
281 3628 340 3690 iter
368 3628 401 3691 in
424 3626 546 3692 Orcum
571 3623 719 3688 differret.
764 3618 942 3702 Quomodo
967 3633 1069 3687 autem
1092 3622 1172 3687 haee
1196 3647 1267 3690 cum

152 3737 359 3822 sequentibus
385 3728 502 3823 verbis,
522 3727 729 3820 conveniunt,
759 3729 875 3825 qubus
904 3734 1012 3826 Ulixes
1040 3756 1078 3799 ex
1103 3734 1266 3821 Elpenore

152 3853 284 3931 quaerit,
308 3868 373 3932 quo
396 3848 514 3928 iactum
536 3847 584 3922 sit,
605 3851 642 3904 ut
657 3838 843 3935 advenerit?
877 3843 948 3912 Sed
966 3845 1050 3910 dicat
1066 3846 1180 3930 aliquis
1197 3848 1264 3914 Uli-

149 3978 219 4020 xem
240 3957 411 4040 Elpenoris
432 3964 565 4022 mortem
590 3960 725 4038 propter
742 3953 845 4021 multa
866 3965 899 4022 et
920 3960 1027 4047 gravia
1048 3959 1178 4042 negotia
1200 3979 1264 4031 non

154 4164 726 4250 fmoemmmfflm
