2842 4898
656 325 738 417 ,9

150 529 252 587 turam
280 525 380 600 atque
406 509 563 592 indolem,
591 532 689 600 quarn
717 513 749 576 in
773 533 911 597 corpore
932 511 1121 596 habuerant,
1151 527 1184 584 et
1204 518 1271 587 illic

152 634 303 708 retinent:
332 630 510 690 irascuntur
536 621 703 706 enim⁵⁶),
736 623 892 688 laetantur
920 625 1000 706 (Od.
1016 626 1070 706 Xl,
1096 612 1160 693 5'38
1175 638 1270 716 sqq.),

153 745 311 807 certiores
337 736 409 817 fieri
436 739 566 820 cupiunt
595 733 635 799 de
664 733 869 799 familiaribus
896 739 961 800 suis
989 736 1079 818 (ibid.
1098 738 1162 804 492
1176 747 1270 826 sqq.),

157 850 284 929 eadem,
314 869 450 933 quorum
477 848 620 911 tractatio
646 849 680 910 in
702 830 766 909 vita
795 846 972 931 placuerat,
1001 852 1094 914 etiam
1122 854 1155 916 in
1179 853 1268 919 Orco

156 963 299 1048 diligunt.
343 962 422 1046 Ajax
444 981 471 1039 1.
491 981 518 1022 c
546 980 618 1023 curn
645 960 678 1021 in
708 955 764 1038 illo
796 961 979 1039 certamine,
1015 960 1104 1044 quod
1136 975 1270 1049 propter

156 1073 289 1142 Achillis
320 1094 405 1136 arma
437 1072 548 1135 inierat
585 1091 656 1133 cum
685 1068 794 1149 Ulixe,
820 1072 923 1133 victus
955 1081 1051 1151 esset,
1084 1083 1200 1137 tantam
1227 1060 1269 1141 ad

155 1188 235 1252 iram
264 1193 434 1262 exarserat,
462 1191 498 1246 ut
519 1201 561 1244 ne
587 1183 620 1244 in
649 1179 739 1244 Orco
771 1179 899 1264 quidem
927 1180 979 1244 vel
1000 1180 1099 1266 loqui
1115 1205 1188 1249 cum
1211 1185 1267 1261 illo

155 1299 325 1397 sustineret
352 1292 444 1376 (ibid
460 1294 524 1358 563
538 1295 610 1375 sq..)
656 1292 793 1355 Tiresias
815 1312 931 1376 porro,
953 1302 1043 1357 vates
1065 1293 1118 1359 ille
1143 1296 1270 1378 Theba·

154 1429 225 1488 nus,
249 1392 322 1472 cum
344 1410 378 1470 in
397 1408 463 1468 1111
482 1400 674 1467 vaticinandi
697 1411 794 1465 artem
823 1404 1027 1480 exercuisset,
1056 1404 1202 1485 ean‚dem
1225 1409 1272 1471 11-

156 1528 254 1584 vente
285 1521 317 1581 ei
343 1538 420 1602 prae
448 1517 559 1579 ceteris
581 1514 788 1597 Proserpina,
818 1515 880 1575 et
871 1534 904 1576 m
926 1502 1018 1577 Orco
1040 1518 1169 1580 retinuit
1191 1517 1271 1599 (od,

156 1631 197 1709 X,
222 1626 287 1694 493
302 1633 397 1713 sqq.),
442 1625 573 1691 Ordinis
596 1646 728 1710 quoque
752 1646 790 1687 ac
812 1623 976 1709 dignitatis>
989 1628 1143 1692 rationem
1162 1627 1273 1697 haberi

158 1738 245 1826 apud
271 1740 415 1821 inferos,
428 1737 530 1802 videri
556 1736 631 1820 licet
652 1747 719 1800 tum
743 1757 780 1798 ex
798 1736 943 1820 *Tiresiae
964 1738 1123 1822 exemplo,
1146 1749 1212 1806 tum
1236 1762 1273 1815 ex

158 1872 304 1916 sermone
329 1835 459 1935 Uliuis,¹
479 1870 545 1936 quo
575 1848 724 1914 admonet
755 1837 945 1933 Achillem,⁸
959 1868 999 1934 ne
1032 1849 1164 1914 moleste
1193 1853 1273 1925 ierat

157 1961 296 2040 obitum,
321 1985 407 2040 cum,
436 1973 473 2026 ut
492 1965 528 2025 in
548 1964 612 2025 vita
634 1949 941 2043 bonore'tloruerit,
967 1962 1010 2023 ita
1032 1982 1123 2026 nune
1141 1947 1273 2047 quoque

157 2075 370 2160 principatum
392 2075 473 2135 inter
496 2074 613 2137 animas
635 2069 776 2159 obtineet
796 2063 957 2150 (Odqu,
975 2068 1040 2133 484
1059 2077 1159 2156 sqq.).·
1190 2072 1273 2147 Cum

157 2185 254 2268 igitur
276 2184 464 2263 Homericae
490 2185 601 2246 aetatis
624 2181 740 2248 Graeci
767 2183 802 2245 in
829 2200 870 2244 eo
892 2181 976 2244 vitae
999 2202 1127 2267 genere,
1151 2205 1217 2267 quo
1240 2186 1274 2263 iu

156 2296 240 2358 vivis
272 2304 448 2375 uterentur,
483 2304 515 2358 et
550 2292 649 2381 apud·
668 2294 787 2357 inferos
803 2313 851 2357 ,se
885 2281 1086 2376 perrecturos
1115 2305 1273 2379 putarent,

157 2403 230 2483 fieri
245 2426 320 2490 ‘non
346 2416 485 2490 poterat,
515 2408 594 2487 quin
622 2402 736 2478 multa,
765 2423 846 2484 quae
874 2407 907 2467 in
935 2404 994 2468 hac
1015 2409 1079 2468 vita
1102 2409 1175 2468 usui
1197 2380 1273 2490 ipsis

159 2525 278 2590 essent,
302 2516 395 2575 etiam
418 2515 452 2573 in
473 2511 527 2573 illa
549 2504 621 2574 usui
644 2509 705 2574 sibi
726 2511 796 2576 lore
812 2517 1039 2604 existimarent⁸¹
1058 2515 1154 2581 Unde
1176 2495 1275 2604 expli-

162 2620 285 2688 candus
309 2630 358 2707 est
378 2620 441 2699 illc,
465 2624 520 2705 qui
543 2624 708 2695 etiamnum
732 2622 854 2690 obtinet
876 2628 1035 2694 in-multis
1053 2632 1182 2695 orientis
1201 2652 1275 2714 par-

158 2722 375 2817 tibus,mos,
391 2731 562 2796 cremandi
584 2734 679 2799 simul
702 2757 773 2799 cum
796 2750 923 2803 mortuo
948 2762 995 2819 ea,
1018 2762 1100 2824 quae
1124 2763 1206 2827 opus
1229 2740 1276 2821 illi

159 2843 358 2928 videbantur,
381 2854 416 2908 ut
438 2854 511 2908 sunt
535 2865 627 2922 arma,
651 2849 739 2931 eqni,
763 2871 873 2928 canes,
897 2860 928 2913 et
952 2860 1130 2937 quaesunt
1151 2850 1275 2932 reliqua

158 2955 208 3043 (ll.
220 2965 258 3033 Ψ,
277 2955 444 3039 11211111).
491 2953 652 3021 Ceterum·
665 2957 762 3044 haud:
775 2959 906 3024 difficile
921 2969 969 3025 est
988 2970 1166 3047 perspectu,
1190 2958 1276 3026 unde

162 3069 314 3154 originem
338 3069 447 3150 opinio
477 3065 530 3149 illa
554 3065 689 3132 duxerit:
720 3073 842 3155 quippe
866 3092 937 3137 cum
967 3065 1275 3158 primum-homines,

163 3198 268 3242 amore
290 3180 372 3266 11111
395 3177 491 3256 ducti,
516 3181 632 3239 animas
656 3185 730 3255 post
752 3188 886 3238 mortem
908 3183 1093 3263 superstites
1116 3180 1186 3241 lore
1208 3202 1276 3265 cre7

162 3287 241 3353 dore
264 3293 451 3374 coepissent,
474 3282 553 3375 illud
577 3302 711 3369 quoque
735 3281 924 3368 cogitabant,
948 3285 1025 3371 quid
1046 3291 1157 3380 ¹acturi
1171 3298 1277 3380 essent

158 3402 192 3487 in
221 3400 328 3481 Orco,
363 3423 400 3465 ac
427 3392 518 3462 nullo
548 3404 721 3487 apparente
747 3399 876 3483 negotio
905 3392 982 3491 nibil
1015 3400 1172 3492 reliquum
1201 3412 1284 3493 erat,

158 3513 220 3577 nisi
247 3521 283 3575 ut
314 3512 408 3599 hujus
435 3513 520 3573 vitae
551 3510 779 3594 occupationes
812 3518 843 3574 et
858 3509 934 3601 ⁸illic
964 3535 1127 3607 mansores
1155 3525 1275 3601 statue,

157 3633 230 3688 rent
244 3620 326 3704 ⁶⁷).”

250 3734 357 3833 Erge
367 3742 513 3828 constare
534 3729 674 3809 videtur,
703 3729 878 3791 Homerum
907 3728 947 3793 de
975 3730 1065 3793 Orco
1093 3734 1276 3815 opinionem

157 3823 311 3908 babuisse
341 3864 424 3920 eam,
413 3863 525 3960 qua
558 3849 655 3905 esset
659 3838 815 3964 efligies
824 3841 908 3903 vitae
942 3842 976 3903 in
1007 3849 1090 3961 terra
1120 3830 1275 3963 peractae,

157 4045 173 4091 ⁸:
236 4095 283 4163 ⁸⁶)
323 4046 411 4148 Etiam
431 4029 1053 4164 1111111111111111111111111111391166.
1062 4046 1115 4071 ·

168 4252 172 4259 ¹
235 4189 283 4269 2⁷)
322 4181 730 4273 Η111111111.1.,1.1).111111111.
810 4222 824 4251 .‚
939 4228 943 4235 .
1049 4222 1054 4249 ,
