2842 4898
616 264 640 338 3

66 454 299 540 scae-partium
322 447 523 515 cohaerentia
545 469 618 513 meo
639 447 769 534 quidem
791 449 912 536 judicio
927 453 975 519 uti
989 455 1187 547 nonpossit.

67 579 103 632 ut
126 566 313 654 Odysseam
335 561 459 649 qualem
481 582 568 627 nunc
589 559 742 626 habemus
766 560 818 626 ab*
834 585 900 632 uuo
926 563 1106 651 eodemque
1127 589 1185 633 au.

68 690 158 746 olore
182 687 282 741 totam
305 696 374 739 esse
396 676 509 739 iactam
533 676 658 738 evincat
676 671 716 756 ⁴).

158 791 231 851 Jam
253 807 330 850 vero
363 809 433 849 cum
461 785 613 848 Nitzschii
641 783 681 848 de
705 783 856 869 Odyssea
883 790 1067 860 senteutiam
1091 792 1202 872 etiam*

68 900 146 966 alias
170 898 214 963 oh
239 918 348 962 causas
372 899 465 981 sequi
487 917 554 960 non
577 898 706 983 possim,
729 900 917 981 praesertim
938 921 1009 969 cum
1027 900 1182 985 permulta

66 1016 102 1077 iu
124 1012 189 1076 hoc
210 1013 346 1074 carmine
374 1011 587 1085 inveniantur,
620 1007 737 1093 quibus
761 1019 871 1093 coget,
894 1009 1034 1075 utduas
1057 1011 1182 1087 fabulas

66 1122 256 1208 singulaque
284 1100 391 1184 earum
417 1129 566 1204 poemata
592 1121 626 1182 in
652 1118 709 1183 illo
739 1121 910 1205 conjunctu
939 1142 1010 1187 esse
1033 1122 1181 1193 arbitrer:

64 1238 98 1300 in
121 1233 244 1298 Wolfii
273 1241 380 1318 partes
407 1229 504 1308 abeo,
535 1231 592 1315 qui
614 1251 652 1293 ex
675 1228 806 1295 diversis
828 1232 1022 1298 ‘carminibus
1044 1237 1125 1298 inter
1147 1253 1184 1310 se

66 1347 247 1430 conjunctis
270 1343 399 1408 Iliadem
423 1340 670 1427 Odysseamque
696 1351 865 1425 prognatus
889 1345 1048 1428 existimat,
1073 1366 1185 1428 quares

67 1479 165 1541 quam
188 1453 229 1518 eh
253 1456 323 1539 ejus
345 1475 476 1538 quoque
498 1453 653 1517 sententia
675 1452 852 1540 paullulum
874 1452 1029 1523 recedam.
1146 1524 1150 1529 ,

78 1609 82 1615 -
157 1567 297 1629 Historia
311 1569 403 1649 'enim
426 1567 534 1648 poesis
557 1562 746 1629 Germaniae
770 1573 801 1629 et
823 1562 1065 1643 scandinaviae,
1089 1567 1183 1649 cujus

71 1676 176 1740 adhuc
199 1680 279 1740 miro
303 1675 401 1739 modo
429 1677 496 1739 fere
525 1673 612 1737 nulla
633 1673 682 1737 his
704 1676 736 1736 in
760 1673 871 1737 studiis
894 1673 999 1738 habita
1023 1687 1070 1740 est
1091 1679 1184 1756 ratio,

66 1788 163 1874 plane
186 1787 297 1865 docet,
326 1790 383 1871 qui
404 1786 476 1852 fieri
498 1787 616 1872 possit,
645 1794 681 1848 ut
709 1788 845 1853 camnine
866 1784 919 1850 vel
941 1789 1072 1856 maxima
1095 1809 1182 1851 com-

66 1906 228 1986 ponantur
258 1895 299 1962 ab
326 1901 397 1981 ipso
428 1896 562 1982 populo.
607 1896 653 1961 Ut
679 1908 765 1962 vero'
793 1894 879 1965 unde
908 1907 978 1965 orta
1006 1901 1045 1962 sit
1073 1898 1185 1964 fabula

66 2010 176 2094 eliqua
202 2007 393 2094 plerumque
420 2011 590 2082 nescimus,
620 2011 664 2073 ita
687 2005 774 2092 apud
798 2028 908 2076 omnes
931 2007 1088 2091 populos,
1112 2010 1183 2093 qui·
1247 2003 1252 2008 ’

66 2120 132 2184 bus
156 2141 268 2182 sensus
281 2119 378 2201 aliqui
394 2118 634 2202 pulchritudiuis
650 2128 707 2197 est,
729 2129 876 2203 poemate
892 2121 1075 2198 invenimus,
1100 2140 1184 2203 quoq

65 2252 138 2295 rum
162 2241 274 2293 auctor
297 2232 448 2293 nominari
475 2251 570 2294 nemo
586 2234 708 2313 potest.
752 2229 936 2316 Exemplum
960 2241 1063 2294 autem
1084 2229 1183 2294 habe·

66 2363 138 2405 mus
162 2339 454 2417 luculentissimum,
477 2361 605 2403 carmen
628 2339 701 2400 dico
725 2339 803 2401 illud
818 2340 859 2403 de
870 2340 1068 2427 Nihelungis‚
1093 2340 1183 2423 quod

65 2474 85 2516 e
110 2450 244 2534 singulis
262 2446 451 2528 quibusdam
475 2443 591 2530 populi¹
610 2446 797 2513 carminibus
819 2450 901 2517 circa
924 2475 1039 2516 aunum
1055 2449 1182 2516 MCCX

63 2565 100 2626 in
125 2559 168 2635 id,
193 2555 282 2642 quod
304 2577 389 2618 nuuc
411 2539 533 2635 habet.
549 2577 666 2642 corpus
688 2558 850 2626 redactum
874 2586 945 2629 esse
967 2568 1049 2628 iuter
1072 2584 1182 2627 omnes

64 2678 205 2744 constat,
238 2668 294 2750 qui
326 2669 358 2729 in
390 2665 437 2729 his
466 2666 577 2731 studiis
608 2681 682 2734 sunt
709 2676 825 2736 versati
842 2671 883 2759 ⁵).
929 2675 1024 2759 Quae
1052 2673 1182 2759 quidem

10 2848 12 2853 ,
65 2781 205 2846 carmina
228 2776 395 2863 popularia
420 2765 506 2841 tanta
530 2789 596 2842 arte
618 2791 768 2866 tantaque
791 2772 1026 2868 pulchritudine
1049 2803 1182 2866 compo-

10 3255 15 3292 ι
77 3270 82 3281 .

65 2895 127 2958 sita
149 2899 234 2967 sunt,
265 2899 300 2952 ut
323 2911 394 2952 cum
417 2889 595 2954 Homericis
617 2889 679 2956 illis
702 2915 825 2958 summo
855 2898 926 2981 jure
949 2881 1072 2979 possint
1095 2915 1182 2958 com-

64 3005 179 3099 parari
224 3000 337 3087 ltaque
368 3003 499 3068 Homeri
527 3023 661 3088 quoque
689 3007 828 3069 carmina
856 3005 949 3068 simili
971 3004 1068 3069 modo
1086 3003 1118 3088 ⁶)
1140 3000 1182 3067 ab

146 3249 172 3321 ⁸)
209 3249 244 3306 el.
258 3249 294 3306 G.
309 3247 463 3301 Hermann.
483 3241 518 3299 de
531 3240 690 3317 interpolat
707 3240 832 3298 Homeri.
862 3243 939 3320 Lips.
947 3248 1033 3301 1888.
1049 3239 1182 3321 plsqq..¹

10 3369 17 3401 ι
69 3340 103 3398 B.
124 3337 268 3396 Thierach.
296 3339 391 3393 Ueber
408 3336 456 3390 das
474 3332 626 3391 Vaterland
646 3334 705 3388 und
723 3331 854 3390 Zeitalter
872 3337 920 3391 des
939 3337 1056 3392 Homer.
1076 3337 1120 3437 ed.
1140 3337 1181 3394 ll.

10 3431 249 3512 ¹llalberstad.
266 3434 346 3485 1882
370 3434 396 3483 8.
418 3445 446 3502 p
440 3430 605 3499 ...9sqq
1079 3463 1082 3467 ,
1170 3468 1173 3473 ,

10 3583 15 3621 t
137 3544 170 3615 .⁵)
208 3541 380 3603 Lachmann.
418 3539 459 3595 Zu
488 3539 543 3594 den
570 3535 755 3612 Nibclungen
795 3536 887 3593 Berlin
915 3537 1007 3595 1886.
1022 3559 1051 3619 p.
1080 3545 1182 3614 lsqq

68 3633 107 3690 c.l
128 3634 180 3691 W.
200 3633 319 3689 (“ι·ιιιιιιι
344 3627 474 3688 deutsche
498 3628 704 3705 Heldepsege.
721 3625 957 3700 Gotting.1829.
982 3646 1013 3700 p.
1039 3633 1093 3684 373
1118 3645 1183 3739 sqq.

10 3691 150 3798 Talvj
171 3720 389 3819 Charalrteristik
408 3721 457 3775 der
476 3715 661 3779 Volkslieder.
700 3715 794 3790 Leipz.
818 3709 898 3815 1810.
923 3734 951 3788 p.
972 3720 1027 3775 359
1045 3724 1114 3809 s'qq.

121 3848 171 3920 ⁶)
209 3814 303 3926 Quare
327 3865 475 3922 permagna
499 3844 576 3908 salus
593 3855 686 3919 potest
703 3852 736 3903 et
754 3810 920 3909 unnmnsnm
937 3841 1041 3903 studiis·
1055 3819 1184 3896 Homeri·

70 3938 107 3999 ὡ
121 3941 319 4016 odjumentum
337 3938 453 3998 existere
467 3953 487 3988 e
505 3934 636 3995 earcuiuis
653 3933 740 4006 epici
737 3931 773 3987 ἰιι
791 3930 939 3987 Germania
957 3942 985 3987 et
997 3929 1184 4007 Scaudinaria

10 4062 33 4106 ,ς
66 4026 194 4101 historia,
214 4032 296 4105 cuius
311 4031 397 4114 etiem
416 4025 568 4103 primordia
587 4023 723 4096 possimus
737 4032 795 4080 tm
812 4021 883 4090 bene
889 4022 1088 4100 contemplari,
1106 4021 1185 4148 nulla

10 4122 12 4128 ’
65 4128 102 4176 ut
121 4120 171 4180 alia
189 4142 225 4180 ex
244 4139 275 4179 re
294 4121 382 4194 major
400 4118 507 4175 fructus
525 4112 702 4191 per-cipimus.
