2842 4898
680 323 768 402 771

147 516 244 585 Ohne
270 513 405 582 Zweiiel
432 511 536 578 iiibrte
561 509 769 597 Persephone
799 509 883 576 auch
915 508 978 578 den
999 513 1185 596 Beinamen,
1207 514 1265 593 der

150 630 221 695 dem
249 629 333 693 ibres
355 628 490 691 Mauues
518 622 694 710 entsprach
716 621 885 708 Klymene.
934 623 1026 688 Eben
1049 647 1087 691 so
1110 628 1266 713 passende

151 742 388 824 Benennungen
423 738 474 801 fiir
511 733 654 799 dieselbe
686 731 758 799 sind
793 732 845 798 die
876 735 1015 801 Formen
1043 738 1265 826 Perillymene

155 850 222 916 und
244 848 471 935 Eteoclymene
484 847 490 879 ¹
503 844 567 930 ⁸¹),
590 844 767 937 in'welche
790 849 836 910 sie
858 847 926 911 sich
947 850 979 911 in
999 846 1055 913 der
1069 851 1267 936 mythischen

155 962 350 1047 Genealogie
365 958 544 1046 zerspalteu
558 958 619 1022 bat.
639 994 679 1008 -
696 957 753 1021 leh
773 957 846 1045 flige
867 959 977 1042 hinzu,
1001 960 1069 1026 dais
1085 962 1168 1028 ohne
1184 962 1268 1029 allen

154 1072 287 1139 Zweifel
309 1075 379 1138 eine
406 1073 536 1135 weitere
564 1067 801 1156 Umwandluug
823 1068 927 1135 dieser
955 1071 1144 1138 Geschichte
1168 1074 1268 1158 [ller-

158 1184 237 1248 culis
254 1206 326 1247 cum
338 1183 475 1247 Plutone
489 1182 633 1268 pugnae]
656 1184 689 1243 in
710 1179 781 1244 dem
797 1179 917 1246 Neleus
932 1180 1014 1268 liegt,
1038 1181 1148 1248 derso
1164 1184 1268 1250 olien-

153 1295 221 1360 bar·
243 1297 294 1359 ein
315 1295 464 1359 Boiname
492 1293 595 1358 dieses
625 1291 741 1356 Gottes
768 1293 823 1370 ist,
851 1290 909 1356 der
936 1291 983 1357 als
1010 1294 1116 1359 Heros
1144 1297 1177 1360 in
1205 1295 1268 1362 den

154 1405 342 1471 Fabelkreis
364 1404 432 1468 und
454 1403 505 1468 die
528 1402 719 1488 Genealegie
743 1399 800 1466 der
822 1403 952 1487 Minyer
973 1412 1114 1488 getreten
1131 1408 1185 1482 ist;
1201 1404 1269 1471 und

155 1517 274 1583 dessen
300 1516 518 1579 vornehmster
545 1515 633 1578 Sobn
661 1519 694 1579 in
721 1513 784 1579 den
811 1512 1127 1600 Herakles-Mythos
1150 1515 1270 1584 wieder

154 1629 237 1695 nach
261 1626 334 1692 dem
357 1626 479 1691 Nomen
501 1625 556 1690 des
580 1626 695 1692 Gottes
716 1625 959 1711 Periklymenos
982 1625 1102 1692 heilst.“
1115 1665 1155 1678 -·

177 1730 185 1745 ⁸
248 1738 331 1804 Cum
354 1740 448 1824 igitur
460 1747 568 1801 'totam
585 1738 754 1803 Boeotiam
775 1746 806 1801 et
822 1738 925 1823 capita
940 1739 1009 1824 ejus
1023 1740 1173 1824 imprimis
1190 1738 1270 1805 Orci

159 1850 246 1917 cultu
268 1849 452 1914 excelluisse
472 1848 653 1929 viderimus,
675 1850 803 1914 materia
821 1843 961 1929 Naeuius,
989 1852 1109 1937 quippe
1132 1872 1215 1936 quae
1236 1854 1270 1917 in

158 1963 251 2026 Ulixe
262 1961 302 2026 ad
317 1961 437 2026 inleros
453 1960 666 2025 descendente
682 1961 900 2044 Tiresiamque
915 1961 1102 2026 consulente
1116 1974 1269 2042 versetur,

161 2073 402 2139 tumauditores
417 2073 572 2148 Boeotos,
594 2079 662 2132 tum
676 2078 804 2152 poetam
817 2070 976 2146 Boeotum
994 2069 1120 2136 indicat.
1165 2072 1272 2157 Quam

161 2188 374 2271 conjecturam
396 2193 536 2248 nostram
557 2189 705 2244 accurata
720 2199 826 2243 earum
841 2201 1057 2265 personarum
1081 2182 1272 2268 quibuscum

159 2297 270 2361 Ulixes
299 2297 508 2382 colloquitur,
538 2288 750 2356 consideratio
788 2289 901 2355 firmat.
952 2292 1034 2357 Nam
1061 2315 1170 2359 omnes
1198 2295 1271 2360 illae

159 2429 318 2494 personae
347 2430 385 2470 ex
410 2407 594 2488 Minyarum
622 2398 914 2486 Thebanorumque
940 2401 1058 2467 fabulis
1087 2402 1272 2491 desumptae

160 2513 333 2597 sunt¹⁸²).

254 2625 429 2689 Tiresias
452 2626 544 2706 eninr,
567 2628 631 2710 qui,
652 2636 688 2691 ut
710 2626 830 2711 primus
853 2623 988 2709 advenit,
1010 2629 1053 2694 ita
1067 2631 1184 2717 primas
1199 2652 1272 2716 par-

161 2749 208 2804 tes
231 2738 303 2822 agit,
327 2735 499 2800 Thebanus
523 2746 570 2800 est
593 2739 637 2817 (v.
651 2739 694 2802 90
705 2741 799 2821 sqq).

251 2849 376 2933 Tyro,
399 2845 560 2910 Salmonei
582 2845 658 2939 filia,
681 2845 811 2912 Crethei
826 2850 930 2935 patrui
946 2870 1034 2914 uxor.
1080 2851 1184 2937 Quae,
1200 2877 1273 2921 cum

164 2961 316 3047 Enipeum
339 2957 471 3022 fluvium
492 2957 651 3043 flagraret,
679 2960 712 3022 in
735 2961 805 3045 ejus
827 2960 934 3026 littore
957 2961 1119 3028 ambulans
1143 2986 1161 3030 e
1184 2967 1273 3055 Nep-

167 3082 240 3137 tuno
263 3071 377 3153 Enipei
400 3070 532 3134 iormam
560 3068 711 3135 induente
734 3070 852 3136 Peliam
882 3083 914 3138 et
936 3072 1072 3138 Neleum
1094 3076 1181 3141 filios
1202 3100 1273 3144 sus-

168 3186 255 3268 cepit.
278 3229 281 3235 v
303 3180 443 3246 Cretheu
471 3190 576 3245 autem
603 3183 773 3262 Aesonem,
801 3183 966 3248 Pheretem
989 3196 1021 3249 et
1042 3186 1274 3272 Amythaonem

169 3295 269 3377 genuit
291 3295 336 3373 (v.
352 3291 417 3358 235
435 3327 476 3341 -
494 3292 583 3376 259).
626 3292 767 3359 Pertinet
788 3314 864 3360 sane
886 3294 966 3366 haec
986 3294 1096 3363 fabula
1117 3297 1158 3365 ad
1174 3302 1274 3370 Thes·

168 3452 365 3473 Q..—

239 3546 302 3621 rar)
339 3545 375 3603 cf.
390 3543 462 3600 inira
476 3565 505 3621 p·
520 3550 609 3631 srsq.

240 3653 303 3728 ¹⁸²)
340 3655 374 3710 ln
386 3653 557 3727 singularum
572 3671 752 3726 personarum
765 3656 982 3725 enumeratione,
1001 3677 1085 3731 quarn
1100 3661 1275 3722 instituturus

169 3761 235 3816 snm,
254 3765 299 3802 eas
317 3744 456 3808 omittam,
481 3760 551 3815 quae
562 3761 596 3797 ex
614 3738 827 3817 interpolatione
845 3742 979 3800 oriundae
1001 3757 1067 3802 suut
1086 3747 1274 3824 (Elpenorem,

111 3843 113 3855 '
169 3833 280 3905 bedam,
300 3835 464 3899 Phaedram,
484 3831 655 3899 Procridem,
674 3830 839 3899 Ariadnam,
859 3832 967 3900 Minoa,
987 3833 1131 3904 Orionem,
1148 3842 1274 3918 Titynm,

111 3940 114 3966 ¹
169 3922 331 3994 Tantalum,
355 3921 540 4002 Sisyphum).
585 3921 681 3996 Neque
704 3919 755 3976 hac
772 3921 801 3976 in
821 3940 850 3978 re
869 3922 1024 3992 Anticliae,
1048 3933 1275 4003 Agamemnonis,

167 4015 298 4085 achinis,
317 4015 410 4090 Ajacis
429 4012 555 4070 habenda
571 4021 613 4068 est
630 4013 718 4079 ratio,
743 4011 847 4086 qnippe
864 4013 914 4088 qui
931 4033 948 4070 a
965 4017 1073 4092 quovis,
1101 4021 1146 4079 cui
1164 4023 1276 4101 quidem

167 4101 252 4167 Ulixis
270 4106 365 4166 fabula
382 4117 450 4164 nota
467 4114 537 4175 erat,
556 4100 767 4163 commemorari
787 4104 940 4177 potuerint.
