2842 4898
598 303 723 377 15·

57 486 318 561 ammadientssc
333 487 423 575 “).ιι
463 482 583 574 Atqui
616 480 782 574 quomodo
820 486 921 553 verba
962 485 1177 572 mentimur

58 609 143 693 ἡμεῖς
165 609 226 669 iste
251 599 416 687 explicabit
439 603 482 682 (v.
508 602 594 684 53.>?
632 598 757 664 Nonne.
772 600 880 664 Ulixes
903 598 1016 664 ducem
1038 623 1108 664 sese
1126 600 1176 669 le·

57 740 130 783 vern
160 704 209 778 ac
228 713 431 800 negligentem
459 710 674 796 praebuisset,
702 716 744 790 si,
773 722 877 776 utrum
906 735 989 776 unus
1017 734 1054 776 ex
1080 715 1175 775 sociis

58 827 189 891 adesset
215 846 329 903 necne,
358 815 425 888 nori
448 821 665 887 observasset?
703 823 746 888 At
768 845 969 910 summopere
992 846 1103 888 eorum
1126 838 1176 892 s'a-

60 938 120 1003 luti
152 946 222 1001 toto
253 940 363 1000 itinere
395 933 596 999 consulebat!
639 934 725 998 Num
755 935 807 999 bic
827 936 929 1000 *alium
954 938 1077 1001 Ulixem
1105 958 1174 1003 esse

61 1052 219 1135 opinaris?
253 1049 336 1132 Ergo
351 1047 475 1117 Ulixem
490 1045 659 1131 Elpenoris
683 1045 815 1111 mortem
836 1069 903 1112 non
918 1046 1174 1127 animadvertisse

59 1160 152 1227 nullo
174 1159 274 1224 modo
296 1157 497 1223 statuendum
519 1167 575 1221 est.
1151 1145 1153 1149 ’

150 1271 358 1356 Quapropter
366 1261 490 1334 Ulixem
503 1289 571 1331 non
583 1289 735 1353 quaerero
747 1290 813 1354 quo
823 1269 940 1334 lactum
952 1273 1001 1349 sit,
1016 1281 1052 1335 ut
1065 1293 1173 1339 comes

57 1394 203 1448 mortuus
220 1386 269 1460 sit,
284 1381 340 1450 sed
352 1387 417 1465 qui,
433 1389 468 1444 ut
480 1373 561 1444 nave
581 1379 824 1446 etiamcelerius
838 1379 1008 1460 advenerit,
1024 1381 1175 1448 arbitrabi

61 1515 142 1557 mur.
165 1494 261 1576 Quae
275 1491 400 1575 quidem
413 1494 629 1576 interpretatio
641 1513 707 1555 non
718 1489 967 1577 probabiliorem
979 1490 1091 1556 reddet
1103 1515 1174 1558 scus

61 1607 198 1669 tentiam.
237 1603 342 1666 Facile
366 1606 455 1681 enim,
479 1602 569 1687 quod
586 1602 638 1665 illa
652 1603 752 1666 Ulixis
766 1606 970 1688 interrogatio
986 1625 1175 1690 responsum

61 1714 227 1793 desideret,
248 1703 530 1799 comprehenditur.
565 1713 682 1777 Dicere
698 1717 778 1778 enim
791 1714 932 1800 Elpenor
947 1714 1094 1795 debebat,
1110 1720 1175 1780 ani-

59 1848 140 1890 maru
164 1849 182 1889 a
206 1847 343 1911 corpore
367 1824 554 1912 disjunctam
576 1834 661 1887 tanta
677 1829 722 1888 uti
736 1824 914 1905 velocitate,
938 1837 972 1890 ut
987 1848 1066 1891 nave
1083 1832 1175 1891 etiam

57 1937 193 2002 celerius
215 1941 262 2000 ire
282 1941 394 2022 possit.
438 1937 482 2002 At
505 1934 582 2021 quid
606 1935 681 2000 dicit
702 1937 799 2001 bomo
820 1937 963 2023 ineptus?
996 1939 1120 2025 Nempe
1139 1961 1175 2004 se

57 2051 136 2112 rino
159 2047 364 2111 obcaecatum
388 2046 535 2112 detecto
559 2046 723 2133 delapsum
746 2069 816 2111 esse
839 2058 879 2129 et¹
892 2049 1011 2111 collum
1032 2050 1174 2134 fregisse!

59 2157 109 2222 Ex
132 2179 200 2242 quo
222 2179 378 2243 responso
394 2158 582 2242 Elpenorem
601 2160 702 2223 Ulixis
718 2159 818 2222 verba
839 2162 886 2241 sic
907 2159 1095 2241 intellexisse
1117 2182 1174 2248 ap·

55 2279 166 2355 paret,
199 2279 247 2347 ut,
277 2269 443 2354 quomodo
467 2269 507 2335 ad
534 2272 656 2336 interos
674 2273 797 2334 venerit
818 2271 847 2335 b
871 2286 898 2337 e.
922 2280 1026 2336 utrum
1051 2284 1082 2337 et
1105 2293 1171 2357 quo

56 2403 143 2446 casus
158 2381 304 2445 mortuus
326 2385 381 2460 sit,
412 2383 497 2444 bunc
520 2402 674 2463 quaerere
693 2391 803 2463 ¹putet¹
840 2383 915 2463 Sed,
937 2389 1109 2470 quominus
1130 2390 1174 2450 ita

58 2496 236 2575 accipiatur
250 2491 486 2572 interrogatio,
515 2485 621 2551 obstat
642 2511 750 2556 versus
774 2496 1054 2584 vqriinquagesimus
1084 2509 1172 2562 oeta.

56 2622 136 2678 vus,
164 2600 221 2682 qui
243 2617 367 2660 versum
389 2597 624 2663 antecedentem
648 2603 789 2688 explicat,
812 2621 843 2673 et
863 2615 1038 2675 sententiae
1060 2613 1102 2675 ita
1124 2614 1172 2675 iu·

53 2708 203 2776 tellectae
232 2710 447 2793 perversitas,
466 2714 616 2794 quoniam
640 2715 765 2780 socium
790 2731 1042 2790 mortuumesse
1063 2722 1173 2788 Ulixes

55 2819 188 2886 sciebat
280 2869 293 2919 ι.
967 2832 969 2838 ’

147 2929 353 3015 Quocunque
374 2932 575 3009 veromodo
597 2935 687 3001 illum
701 2937 808 3001 locum
824 2938 1090 3024 explicaverim,
1108 2945 1175 3021 ⁸erit

55 3064 181 3128 semper
202 3035 236 3104 in
258 3063 297 3106 eo
321 3042 449 3129 aliquid,
473 3045 563 3130 quod
586 3068 647 3111 nos
666 3047 820 3128 ollendat,
844 3062 874 3116 et
896 3074 938 3118 ne
960 3062 1025 3116 tum
1043 3053 1172 3135 quidem

57 3153 201 3232 tollatur,
230 3175 301 3218 cum
323 3176 450 3218 versum
477 3158 770 3235 quinquagesimum
799 3170 947 3220 octavum
975 3158 1171 3226 subdititium

57 3262 299 3351 judicaverimus
312 3261 376 3346 ²⁵).
421 3258 524 3345 Quod
547 3262 717 3344 quominus
739 3263 849 3345 iacias,
863 3266 951 3332 ‘haec
974 3267 1102 3335 obstare
1123 3276 1171 3338 vi-

54 3357 193 3465 dentne]
221 3375 354 3460 Quanta
374 3376 458 3439 enim
485 3375 700 3439 intertexens
727 3373 788 3441 tet
802 3401 860 3465 sq.
882 3392 913 3447 et
936 3394 1064 3449 nostros
1086 3388 1171 3451 simi-

53 3484 159 3550 litudo
181 3485 356 3552 intercedat
380 3509 450 3551 cum
474 3483 732 3569 consideraveris,
755 3489 887 3559 alterum
909 3493 1016 3561 locum
1036 3496 1077 3560 ad
1092 3498 1170 3565 atte-

51 3600 118 3663 rius
147 3599 282 3664 lormam
310 3601 402 3685 quasi
429 3606 681 3683 coagmentatum
708 3623 778 3668 esse
804 3626 921 3689 negare
948 3628 1013 3672 uon
1038 3611 1169 3692 poteris

55 3707 145 3792 Quid
174 3719 222 3774 est
250 3713 332 3773 euim
360 3708 454 3775 uobis
476 3709 649 3794 reliquum,
677 3713 738 3772 nisi
760 3720 795 3773 ut
817 3712 917 3775 Ulixis
945 3712 1058 3793 verba,
1086 3737 1169 3799 quo-

131 3884 176 3958 ²⁴)
214 3886 298 3961 Quod
317 3884 460 3940 contendit
479 3883 604 3940 Nitzscb.
635 3877 770 3940 lameri.
781 3904 806 3963 ι.Ι
818 3840 873 3942 Od.
884 3886 951 3944 Vol.
962 3888 1014 3942 lll.
1026 3909 1054 3964 p.
1065 3895 1130 3946 200.
1147 3862 1153 3875 .

128 3992 176 4066 ²⁵)
214 3992 289 4052 Cum
313 3990 435 4055 Nitzscb.
462 3989 482 4045 l.
503 3989 524 4047 l.
544 3986 609 4051 Vol.
636 3992 689 4046 111.
714 4011 743 4066 p.
764 3998 828 4049 aot.
856 4025 884 4038 -
911 3992 1083 4054 Callistratus
1109 4001 1166 4077 (ap.

50 4079 144 4141 schot.
165 4083 203 4159 Q.
219 4085 255 4138 ad
273 4103 301 4139 v.
322 4085 370 4154 52)
389 4097 499 4138 versum
516 4085 552 4138 52
566 4081 738 4160 'ejiciendum
755 4095 857 4158 censet,
886 4087 927 4148 At
944 4107 981 4150 ne
997 4091 1038 4149 aie
1055 4093 1168 4171 quidem

50 4176 141 4234 oratio
160 4174 255 4251 aptius
273 4173 407 4249 procedit.
886 4185 889 4196 '
1158 4192 1161 4196 '
