2842 4898
549 301 621 434 ¹'9

142 552 288 617 Tertium
315 543 527 633 interpolandi
556 561 655 634 genus
676 544 711 611 id
733 555 790 628 est,
818 568 883 633 quo
907 548 973 613 sive
996 570 1015 613 a
1035 549 1169 635 rhapso-

54 663 103 730 dis
133 668 203 728 sive
236 661 276 724 ab
306 661 373 724 aliis
396 659 511 745 singuli
532 681 645 722 versus
674 657 918 744 adjiciebantur,
948 664 1003 744 qui
1026 665 1167 746 quamvis

53 779 205 841 carminis
232 775 383 836 rationem
412 781 443 834 et
470 782 612 834 naturam
641 791 706 834 non
735 769 912 850 offendant,
940 781 1045 836 tamen
1066 777 1168 837 varias

57 886 103 951 ob
128 907 238 948 causas
260 905 326 947 non
350 894 422 967 apte
446 893 518 946 sunt
541 885 683 966 genuinis
707 881 887 966 agglutinati
904 881 963 966 ¹⁶).

150 997 348 1081 Quamquam
372 1015 454 1078 quae
477 992 580 1056 adhuc
603 991 643 1055 de
660 994 902 1058 Homericorum
920 1000 1089 1059 carminum
1106 998 1169 1060 ori·'

57 1111 129 1194 gine
153 1119 184 1172 et
205 1109 307 1170 forma
330 1105 495 1190 disputavi,
518 1125 555 1167 ea
578 1115 666 1169 certo
685 1104 793 1188 aliquo
811 1107 963 1190 exemplo,
988 1106 1076 1191 quod
1092 1129 1168 1190 pro7

56 1223 220 1305 positurus
249 1221 333 1296 sum,
362 1216 461 1280 multo
486 1218 577 1279 etiam
599 1215 791 1279 luculentius
815 1217 1022 1301 apparebunt.
1067 1216 1169 1303 Quod

56 1329 184 1414 quidem
214 1329 403 1414 exemplum,
434 1350 505 1390 cum
528 1325 655 1390 Iliadem
678 1331 780 1390 variis
803 1328 992 1392 carminibus
1023 1341 1168 1394 constare

54 1445 114 1504 viri
139 1440 234 1504 ⁴docti
261 1452 309 1504 sat
337 1439 595 1517 demonstrarint,
621 1443 662 1500 'ex
686 1437 836 1521 Odyssea
860 1443 988 1522 sumpsi.
1033 1441 1079 1502 Ex
1098 1446 1169 1503 om..

57 1551 154 1615 nibus
185 1562 288 1614 autem
311 1551 479 1636 Odysseae
508 1548 597 1612 libris
625 1548 732 1611 nullus
761 1560 821 1627 est,
851 1553 906 1632 qui
935 1560 1101 1634 tantopere
1130 1554 1188 1614 sit·

56 1661 353 1746 interpolationibus
375 1661 533 1737 foedatus,
558 1671 755 1743 quantopere
777 1661 858 1724 liber
876 1660 1069 1724 undecimus.
1104 1663 1169 1725 Ne-

59 1794 122 1856 que
145 1795 223 1837 vero
246 1775 309 1837 hoc
331 1776 451 1837 mirum.
496 1774 619 1835 Etenim
643 1775 669 1835 si
692 1776 763 1856 quis
788 1777 963 1836 accuratius
987 1773 1058 1836 libri
1076 1773 1169 1859 hujus
1265 1753 1275 1842 ι’

57 1895 199 1947 naturam
235 1896 266 1949 et
303 1888 565 1972 compositionem
602 1888 768 1970 reputarit,
803 1887 904 1947 statim
936 1883 1170 1967 animadvertet,

56 1994 126 2058 lere
155 1996 277 2058 nullum
306 2019 404 2080 posse
431 1998 577 2074 inveniri,
609 1999 665 2080 qui
691 2005 806 2058 tantam
842 1995 882 2058 ad
914 1995 1170 2079 interpolandum

58 2128 166 2169 ansam
190 2105 443 2191 praebuerit¹⁶).
488 2108 569 2170 Nam
593 2128 675 2190 quae
698 2109 730 2168 in
753 2105 809 2168 illo
834 2104 916 2169 libro
940 2109 1020 2168 inest
1042 2107 1171 2168 femina-

58 2237 131 2279 rum
155 2227 186 2278 et
201 2220 339 2280 virorum
364 2221 556 2282 enumeratio
574 2240 763 2302 quamquam
784 2217 888 2300 aliqua
905 2217 1013 2280 saltem
1031 2239 1066 2280 ex
1082 2227 1171 2302 parte

59 2350 78 2391 a
102 2332 204 2412 primo
228 2329 355 2399 Νεκυίας
378 2329 543 2394 conditore
566 2331 709 2422 prolecta
731 2328 865 2408 videtur,
888 2329 980 2392 facile
996 2339 1100 2391 tamen
1116 2350 1172 2412 ap-

58 2434 150 2526 paret
177 2451 246 2503 tum
273 2455 341 2503 non
368 2451 471 2501 totum
500 2439 676 2520 catalogum
699 2425 864 2522 genuinum
888 2461 971 2518 esse,
999 2449 1065 2502 tum
1090 2459 1172 2522 quo-

58 2550 161 2615 modo
185 2549 257 2608 lieri
280 2549 427 2630 potuerit,
451 2556 486 2610 ut
508 2545 566 2610 alia
591 2555 622 2610 et
643 2551 780 2614 virorum
802 2564 833 2616 et
847 2553 1030 2616 feminarum
1046 2554 1173 2616 nomina

60 2659 217 2745 germanis
245 2655 516 2741 subjungerentur.
563 2657 663 2742 Quod
693 2663 820 2747 quidem
846 2688 921 2751 cum
951 2665 1018 2728 aliis
1044 2666 1174 2729 rationi-

56 2769 121 2835 bus
143 2776 251 2854 potest
274 2770 383 2846 evinci,
404 2777 470 2832 tum
493 2768 568 2833 inde
591 2773 875 2859 comprehenditur,
899 2764 1174 2859 quod'Homerica

61 2883 197 2945 carmina
221 2877 385 2943 decantata
415 2901 484 2944 esse
514 2891 545 2944 et
572 2904 630 2966 per
652 2893 750 2946 totam
775 2883 940 2947 Graeciam
963 2859 1093 2945 recitata
1115 2902 1173 2945 no-

58 2991 110 3056 bis
136 2989 285 3054 traditum
314 3002 368 3054 est.
413 2992 494 3056 Nam
518 3015 590 3056 cum
619 2973 772 3079 rbapsodi
795 3014 888 3057 omne
916 2991 1053 3058 studium
1076 2997 1108 3058 iu
1132 3015 1172 3058 eo

58 3107 190 3168 maxime
218 3113 388 3187 ponerent,
418 3114 453 3166 ut
481 3103 606 3187 populo
630 3103 808 3186 placerent,
838 3125 894 3166 eos
919 3103 958 3164 ad
981 3104 1095 3186 populi
1118 3103 1174 3165 de-

61 3212 259 3301 lectationem
298 3216 434 3276 carmina
468 3209 725 3270 accommodasse
759 3210 926 3271 verisimile
960 3219 1016 3273 est.
1074 3209 1175 3294 Quod

61 3327 197 3389 maxime·
212 3329 256 3389 ita
280 3323 381 3387 abiis
405 3316 636 3397 instituebatur,
660 3327 696 3382 ut
719 3317 782 3382 loci
806 3323 955 3405 cujusvis,
979 3343 1175 3407 quocunque

58 3435 247 3514 recitabant,
277 3446 308 3500 et
337 3435 470 3497 heroum
500 3441 542 3494 et·
558 3429 743 3494 feminarum
772 3431 928 3497 nobilium
956 3439 1084 3499 nomina
1107 3458 1175 3501 car-

58 3546 198 3638 minibus
219 3549 427 3611 immiscentes
449 3542 577 3608 illorum
599 3541 725 3633 laudem
748 3545 967 3630 praedicarent
984 3545 1045 3630 ¹⁷).

61 3742 66 3752 ’
139 3723 183 3797 ¹⁵)
221 3745 247 3780 v.
268 3744 292 3780 c.
314 3723 369 3782 Od.
391 3723 444 3786 xl,
466 3724 623 3781 157-1593
651 3723 810 3780 321-3253
831 3715 991 3781 328-3843
1013 3719 1173 3783 565-6003

62 3813 208 3872 fios-sot.
231 3815 266 3871 al.
288 3814 323 3869 al.
344 3815 380 3869 ci.
402 3813 483 3868 inira.

140 3905 184 3978 ¹⁶)
221 3905 296 3961 Guil.
320 3903 442 3958 Mueller.
464 3903 579 3957 Homer.
600 3897 719 3958 Vorscb.
739 3918 768 3972 p.
791 3902 835 3959 79.

138 3996 183 4070 ¹')
223 3995 328 4055 Consu·
353 3994 426 4048 inlra
453 3991 522 4066 Cap.
547 3992 598 4045 lll.
632 3990 669 4047 Ο.
695 3989 820 4043 Muelleri
848 3979 1018 4065 Aeginetica.
1065 3989 1176 4048 Berolin

61 4091 143 4149 1817.
178 4108 208 4162 p.
225 4085 272 4141 al
295 4105 337 4160 sq.
367 4084 494 4140 Litterat.
525 4079 622 4136 Gesch.
649 4079 731 4134 Tom.
757 4080 780 4135 1.
807 4101 835 4157 p.
862 4075 907 4143 9lt.
935 4092 994 4138 not.
1020 4067 1048 4138 d.
1073 4103 1101 4158 p.
1128 4089 1174 4143 95.

58 4191 118 4236 not.
144 4185 171 4233 1.
199 4176 236 4234 0.
258 4175 372 4250 Gruppe
409 4173 502 4232 Ueber
525 4170 570 4229 die
588 4169 749 4248 Theogonis
772 4173 819 4231 des
841 4173 955 4231 Hesiod.
994 4171 1066 4255 lieri.
1092 4168 1174 4243 tsslt.

60 4289 89 4346 p.
110 4265 149 4327 al
169 4286 234 4342 sqq.
254 4284 283 4342 p.
306 4271 368 4322 120.
